@article{roerdink2000watershed,
  title={The watershed transform: Definitions, algorithms and parallelization strategies},
  author={Roerdink, Jos BTM and Meijster, Arnold},
  journal={Fundamenta informaticae},
  volume={41},
  number={1, 2},
  pages={187--228},
  year={2000},
  publisher={IOS Press}
}

@article{baddeley1992error,
  title={An error metric for binary images},
  author={Baddeley, Adrian J},
  journal={Robust computer vision},
  volume={5978},
  year={1992},
  publisher={Citeseer}
}

@book{rockafellar2009variational,
  title={Variational analysis},
  author={Rockafellar, R Tyrrell and Wets, Roger J-B},
  volume={317},
  year={2009},
  publisher={Springer Science \& Business Media}
}

@inproceedings{MALIS,
  title={Maximin affinity learning of image segmentation},
  author={Briggman, Kevin and Denk, Winfried and Seung, Sebastian and Helmstaedter, Moritz N and Turaga, Srinivas C},
  booktitle={Advances in Neural Information Processing Systems},
  pages={1865--1873},
  year={2009}
}

@inproceedings{viscous2012,
  title={A noise tolerant watershed transformation with viscous force for seeded image segmentation},
  author={Yang, Di and Gould, Stephen and Hutter, Marcus},
  booktitle={Asian Conference on Computer Vision},
  pages={775--789},
  year={2012},
  organization={Springer}
}

@article{viscous2005,
  title={The viscous watershed transform},
  author={Vachier, Corinne and Meyer, Fernand},
  journal={J. Math. Imaging and Vision},
  volume={22},
  number={2},
  pages={251--267},
  year={2005},
  publisher={Springer}
}

@article{Meyer1994,
  title={Topographic distance and watershed lines},
  author={Meyer, Fernand},
  journal={Signal processing},
  volume={38},
  number={1},
  pages={113--125},
  year={1994},
  publisher={Elsevier}
}

@article{watersnakes,
  title={Watersnakes: Energy-driven watershed segmentation},
  author={Nguyen, Hieu Tat and Worring, Marcel and Van Den Boomgaard, Rein},
  journal={IEEE Trans. Patt. Anal. Mach. Intell.},
  volume={25},
  number={3},
  pages={330--342},
  year={2003},
  publisher={IEEE}
}


@article{watershedcuts,
  title={Watershed cuts: Minimum spanning forests and the drop of water principle},
  author={Cousty, Jean and Bertrand, Gilles and Najman, Laurent and Couprie, Michel},
  journal={IEEE Trans. Patt. Anal. Mach. Intell.},
  year={2009},
  publisher={IEEE}
}

@incollection{meyer1994minimum,
  title={Minimum spanning forests for morphological segmentation},
  author={Meyer, Fernand},
  booktitle={Mathematical morphology and its applications to image processing},
  pages={77--84},
  year={1994}
}

@inproceedings{meyer1999morphological,
  title={Morphological multiscale and interactive segmentation.},
  author={Meyer, Fernand},
  booktitle={NSIP},
  pages={369--377},
  year={1999}
}

@article{meyer2014watersheds,
  title = "Watersheds on weighted graphs ",
  journal = "Pattern Recognition Letters ",
  volume = "47",
  number = "",
  pages = "72 - 79",
  year = "2014",
  issn = "0167-8655",
  doi = "http://dx.doi.org/10.1016/j.patrec.2014.02.018",
  url = "http://www.sciencedirect.com/science/article/pii/S0167865514000683",
  author = "Fernand Meyer"
}


@article{powerws,
  title={Power watershed: A unifying graph-based optimization framework},
  author={Couprie, Camille and Grady, Leo and Najman, Laurent and Talbot, Hugues},
  journal={IEEE Trans. Patt. Anal. Mach. Intell.},
  volume={33},
  number={7},
  year={2011},
  publisher={IEEE}
}

@article{grady2006random,
  title={Random walks for image segmentation},
  author={Grady, Leo},
  journal={IEEE Trans. Patt. Anal. Mach. Intell.},
  volume={28},
  number={11},
  pages={1768--1783},
  year={2006},
  publisher={IEEE}
}

@inproceedings{angulo2007stochastic,
  title={Stochastic watershed segmentation},
  author={Angulo, Jes{\'u}s and Jeulin, Dominique},
  booktitle={PROC. of the 8th International Symposium on Mathematical Morphology},
  pages={265--276},
  year={2007}
}



@article{floodfill_arxiv,
  author    = {Michal Januszewski and
               Jeremy Maitin{-}Shepard and
               Peter Li and
               J{\"{o}}rgen Kornfeld and
               Winfried Denk and
               Viren Jain},
  title     = {Flood-Filling Networks},
  journal   = {arXiv:1611.00421},
  year      = {2016}
}

@article{floodfill,
  title={High-precision automated reconstruction of neurons with flood-filling networks},
  author={Januszewski, Micha{\l} and Kornfeld, J{\"o}rgen and Li, Peter H and Pope, Art and Blakely, Tim and Lindsey, Larry and Maitin-Shepard, Jeremy and Tyka, Mike and Denk, Winfried and Jain, Viren},
  journal={Nature methods},
  pages={1},
  year={2018},
  publisher={Nature Publishing Group}
}

@article{meirovitch2016multi,
  title={A Multi-Pass Approach to Large-Scale Connectomics},
  author={Meirovitch, Yaron and Matveev, Alexander and Saribekyan, Hayk and Budden, David and Rolnick, David and Odor, Gergely and Jones, Seymour Knowles-Barley Thouis Raymond and Pfister, Hanspeter and Lichtman, Jeff William and Shavit, Nir},
  journal={arXiv preprint:1612.02120},
  year={2016}
}


@inproceedings{sutton1999policy,
  title={Policy gradient methods for reinforcement learning with function approximation.},
  author={Sutton, Richard S and McAllester, David A and Singh, Satinder P and Mansour, Yishay and others},
  booktitle={Proc. NIPS'99},
  year={1999}
}

@article{lillicrap2015continuous,
  title={Continuous control with deep reinforcement learning},
  author={Lillicrap, Timothy P and Hunt, Jonathan J and Pritzel, Alexander and Heess, Nicolas and Erez, Tom and Tassa, Yuval and Silver, David and Wierstra, Daan},
  journal={arXiv:1509.02971},
  year={2015}
}

@inproceedings{silver2014deterministic,
  title={Deterministic Policy Gradient Algorithms},
  author={Silver, David and Lever, Guy and Heess, Nicolas and Degris, Thomas and others},
  booktitle={Proc. ICML'14},
  year={2014}
}

inproceedings{silver2014deterministic,
  title={Deterministic Policy Gradient Algorithms},
  author={Silver, David and Lever, Guy and Heess, Nicolas and Degris, Thomas and Wierstra, Daan and Riedmiller, Martin},
  booktitle={Proc. ICML'14},
  year={2014}
}

@inproceedings{A3C,
  title={Asynchronous methods for deep reinforcement learning},
  author={Mnih, Volodymyr and Badia, Adria Puigdomenech and Mirza, Mehdi and Graves, Alex and Lillicrap, Timothy P and others},
  booktitle={Proc. ICML'16},
  year={2016}
}

inproceedings{A3C,
  title={Asynchronous methods for deep reinforcement learning},
  author={Mnih, Volodymyr and Badia, Adria Puigdomenech and Mirza, Mehdi and Graves, Alex and Lillicrap, Timothy P and Harley, Tim and Silver, David and Kavukcuoglu, Koray},
  booktitle={Proc. ICML'16},
  year={2016}
}

@article{jaderberg2016reinforcement,
  title={Reinforcement learning with unsupervised auxiliary tasks},
  author={Jaderberg, Max and Mnih, Volodymyr and Czarnecki, Wojciech Marian and Schaul, Tom and Leibo, Joel Z and Silver, David and Kavukcuoglu, Koray},
  journal={arXiv:1611.05397},
  year={2016}
}

@article{DBLP:journals/corr/ChoMGBSB14,
  author    = {Kyunghyun Cho and
               Bart van Merrienboer and
               {\c{C}}aglar G{\"{u}}l{\c{c}}ehre and
               Fethi Bougares and
               Holger Schwenk and
               Yoshua Bengio},
  title     = {Learning Phrase Representations using {RNN} Encoder-Decoder for Statistical
               Machine Translation},
  journal   = {CoRR},
  volume    = {abs/1406.1078},
  year      = {2014},
  url       = {http://arxiv.org/abs/1406.1078},
  timestamp = {Wed, 02 Jul 2014 08:24:58 +0200},
  biburl    = {http://dblp.uni-trier.de/rec/bib/journals/corr/ChoMGBSB14},
  bibsource = {dblp computer science bibliography, http://dblp.org}
}

@article{DBLP:journals/corr/YuK15,
  author    = {Fisher Yu and
               Vladlen Koltun},
  title     = {Multi-Scale Context Aggregation by Dilated Convolutions},
  journal   = {arXiv:1511.07122},
  year      = {2015},
  url       = {http://arxiv.org/abs/1511.07122},
  timestamp = {Tue, 01 Dec 2015 19:22:34 +0100},
  biburl    = {http://dblp.uni-trier.de/rec/bib/journals/corr/YuK15},
  bibsource = {dblp computer science bibliography, http://dblp.org}
}

@article{DBLP:journals/corr/ChoMGBSB14,
  author    = {Kyunghyun Cho and
               Bart van Merrienboer and
               {\c{C}}aglar G{\"{u}}l{\c{c}}ehre and
               Fethi Bougares and
               Holger Schwenk and
               Yoshua Bengio},
  title     = {Learning Phrase Representations using {RNN} Encoder-Decoder for Statistical
               Machine Translation},
  journal   = {CoRR},
  volume    = {abs/1406.1078},
  year      = {2014},
  url       = {http://arxiv.org/abs/1406.1078},
  timestamp = {Wed, 02 Jul 2014 08:24:58 +0200},
  biburl    = {http://dblp.uni-trier.de/rec/bib/journals/corr/ChoMGBSB14},
  bibsource = {dblp computer science bibliography, http://dblp.org}
}

@article{DBLP:journals/corr/BahrampourRSS15,
  author    = {Soheil Bahrampour and
               Naveen Ramakrishnan and
               Lukas Schott and
               Mohak Shah},
  title     = {Comparative Study of Caffe, Neon, Theano, and Torch for Deep Learning},
  journal   = {CoRR},
  volume    = {abs/1511.06435},
  year      = {2015},
  url       = {http://arxiv.org/abs/1511.06435},
  timestamp = {Tue, 01 Dec 2015 19:22:34 +0100},
  biburl    = {http://dblp.uni-trier.de/rec/bib/journals/corr/BahrampourRSS15},
  bibsource = {dblp computer science bibliography, http://dblp.org}
}

@article{falcao2004image,
  title={The image foresting transform: Theory, algorithms, and applications},
  author={Falc{\~a}o, Alexandre X and Stolfi, Jorge and de Alencar Lotufo, Roberto},
  journal={IEEE Trans. Patt. Anal. Mach. Intell.},
  volume={26},
  number={1},
  pages={19--29},
  year={2004},
  publisher={IEEE}
}

@article{allene2007some,
  title={Some links between min-cuts, optimal spanning forests and watersheds},
  author={All{\`e}ne, C{\'e}dric and Audibert, Jean-Yves and Couprie, Michel and Cousty, Jean and Keriven, Renaud and others},
  journal={Mathematical Morphology and its Applications to Image and Signal Processing},
  pages={253--264},
  year={2007}
}

@inproceedings{meijster1998disjoint,
  title={A disjoint set algorithm for the watershed transform},
  author={Meijster, Arnold and Roerdink, Jos BTM},
  booktitle={Signal Processing Conference (EUSIPCO 1998), 9th European},
  pages={1--4},
  year={1998},
  organization={IEEE}
}

@online{cremi,
  author = {Challenge CREMI},
  title = {MICCAI Challenge on Circuit Reconstruction from Electron Microscopy Images},
  url = {http://cremi.org/},
  urldate = {2021-04-23},
  year={2017}
}

@online{SNEMI3D,
  author = {Challenge SNEMI3D},
  title = {ISBI 2013 challenge: 3D segmentation of neurites in EM images},
  url = {http://brainiac2.mit.edu/SNEMI3D},
  urldate = {2021-04-23},
  year={2013}
}

@online{ISBIChallenge,
  author = {Challenge ISBI},
  title = {ISBI Challenge: Segmentation of neuronal structures in EM stacks},
  url = {http://brainiac2.mit.edu/isbi_challenge},
  urldate = {2021-04-23},
  year={2012}
}

@inproceedings{VOI,
  title={Comparing clusterings: an axiomatic view},
  author={Meila, Marina},
  booktitle={Proc. ICML'05},
  pages={577--584},
  year={2005}
}


@inproceedings{bai2016deep_watershed,
  title={Deep watershed transform for instance segmentation},
  author={Bai, Min and Urtasun, Raquel},
  booktitle={2017 IEEE Conference on Computer Vision and Pattern Recognition (CVPR)},
  pages={2858--2866},
  year={2017},
  organization={IEEE}
}

@Inbook{maninis_16_oriented-boundaries,
  author="Maninis, Kevis-Kokitsi
  and Pont-Tuset, Jordi
  and Arbel{\'a}ez, Pablo
  and Van Gool, Luc",
  editor="Leibe, Bastian
  and Matas, Jiri
  and Sebe, Nicu
  and Welling, Max",
  title="Convolutional Oriented Boundaries",
  bookTitle="Computer Vision -- ECCV 2016: 14th European Conference, Amsterdam, The Netherlands, October 11--14, 2016, Proceedings, Part I",
  year="2016",
  publisher="Springer International Publishing",
  address="Cham",
  pages="580--596",
  isbn="978-3-319-46448-0",
  doi="10.1007/978-3-319-46448-0_35",
  url="http://dx.doi.org/10.1007/978-3-319-46448-0_35"
}

@article{jain2007supervised,
  title={Supervised learning of image restoration with convolutional networks},
  author={Jain, Viren and Murray, Joseph F and Roth, Fabian and Turaga, Srinivas and Zhigulin, Valentin and Briggman, Kevin L and Helmstaedter, Moritz N and Denk, Winfried and Seung, H Sebastian},
  journal ={Proc. ICCV'07},
  pages={1--8},
  year={2007},
  organization={IEEE}
}

@article{turaga2010convolutional,
  title={Convolutional networks can learn to generate affinity graphs for image segmentation},
  author={Turaga, Srinivas C and Murray, Joseph F and Jain, Viren and Roth, Fabian and Helmstaedter, Moritz and Briggman, Kevin and Denk, Winfried and Seung, H Sebastian},
  journal={Neural Computation},
  volume={22},
  number={2},
  pages={511--538},
  year={2010},
  publisher={MIT Press}
}

@article{jain2010machines,
  title={Machines that learn to segment images: a crucial technology for connectomics},
  author={Jain, Viren and Seung, H Sebastian and Turaga, Srinivas C},
  journal={Current Opinion in Neurobiology},
  volume={20},
  number={5},
  pages={653--666},
  year={2010},
  publisher={Elsevier}
}

@article{GALA,
  title={Machine learning of hierarchical clustering to segment {2D} and {3D} images},
  author={Nunez-Iglesias, Juan and Kennedy, Ryan and Parag, Toufiq and Shi, Jianbo and Chklovskii, Dmitri},
  journal={PLoS one},
  volume={8},
  pages={e71715},
  year={2013},
  review={watershed of ciresan_12_deep-em-segmentation probability maps, followed by agglomeration},
  publisher={Public Library of Science}
}

@inproceedings{xie2015holistically,
  title={Holistically-nested edge detection},
  author={Xie, Saining and Tu, Zhuowen},
  booktitle={Proc. ICCV'15},
  pages={1395--1403},
  year={2015}
}

@inproceedings{cai2016pancreas,
  title={Pancreas Segmentation in {MRI} Using Graph-Based Decision Fusion on Convolutional Neural Networks},
  author={Cai, Jinzheng and Lu, Le and Zhang, Zizhao and Xing, Fuyong and Yang, Lin and Yin, Qian},
  booktitle={Proc. MICCAI},
  year={2016},
  review = {uses xie2015holistically as watershed input},
}

inproceedings{cai2016pancreas,
  title={Pancreas Segmentation in {MRI} Using Graph-Based Decision Fusion on Convolutional Neural Networks},
  author={Cai, Jinzheng and Lu, Le and Zhang, Zizhao and Xing, Fuyong and Yang, Lin and Yin, Qian},
  booktitle={International Conference on Medical Image Computing and Computer-Assisted Intervention},
  pages={442--450},
  year={2016},
  organization={Springer},
  review = {uses xie2015holistically as watershed input},
}

@article{lee2017superhuman,
  title={Superhuman Accuracy on the {SNEMI3D} Connectomics Challenge},
  author={Lee, Kisuk and Zung, Jonathan and Li, Peter and Jain, Viren and Seung, H Sebastian},
  journal={arXiv preprint arXiv:1706.00120},
  year={2017}
}

@INPROCEEDINGS{fowlkes_03_learning-affinity,
  author={C. Fowlkes and D. Martin and J. Malik},
  booktitle={Proc. CVPR},
  title={Learning affinity functions for image segmentation: combining patch-based and gradient-based approaches},
  year={2003},
  doi={10.1109/CVPR.2003.1211452},
  ISSN={1063-6919}
}

@ARTICLE{arbelaez_11_gpb,
  author={P. Arbelaez and M. Maire and C. Fowlkes and J. Malik},
  journal={IEEE Trans. Patt. Anal. Mach. Intell.},
  title={Contour Detection and Hierarchical Image Segmentation},
  year={2011},
  volume={33},
  number={5},
  pages={898-916},
  doi={10.1109/TPAMI.2010.161},
  ISSN={0162-8828}
}

@article{ciresan_12_deep-em-segmentation,
  author = {Ciresan, Dan C and Giusti, Alessandro and Gambardella, Luca M and Schmidhuber, Jurgen},
  journal  = {Proc. NIPS'12},
  title = {Deep Neural Networks Segment Neuronal Membranes in Electron Microscopy Images},
  year = {2012}
}

@article{ronneberger_15_u-net,
  title={{U}-{Net}: Convolutional Networks for Biomedical Image Segmentation},
  author={Ronneberger, Olaf and Fischer, Philipp and Brox, Thomas},
  journal ={Proc. MICCAI'15},
  pages={234--241},
  year={2015},
  publisher={Springer}
}

@article{beier2017multicut,
  title={Multicut brings automated neurite segmentation closer to human performance},
  author={Beier, Thorsten and Pape, Constantin and Rahaman, Nasim and Prange, Timo et al.},
  journal={Nature Methods},
  volume={14},
  number={2},
  pages={101--102},
  year={2017},
  publisher={Nature Research}
}

article{beier2017multicut,
  title={Multicut brings automated neurite segmentation closer to human performance},
  author={Beier, Thorsten and Pape, Constantin and Rahaman, Nasim and Prange, Timo and Berg, Stuart and Bock, Davi D and Cardona, Albert and Knott, Graham W and Plaza, Stephen M and Scheffer, Louis K and others},
  journal={Nature Methods},
  volume={14},
  number={2},
  pages={101--102},
  year={2017},
  publisher={Nature Research}
}

@inproceedings{keuper2015efficient,
  title={Efficient decomposition of image and mesh graphs by lifted multicuts},
  author={Keuper, Margret and Levinkov, Evgeny and Bonneel, Nicolas and Lavou{\'e}, Guillaume and Brox, Thomas and Andres, Bjorn},
  booktitle={Proc. ICCV'15},
  pages={1751--1759},
  year={2015}
}

@article{quan2016fusionnet,
  title={{FusionNet:} A deep fully residual convolutional neural network for image segmentation in connectomics},
  author={Quan, Tran Minh and Hilderbrand, David GC and Jeong, Won-Ki},
  journal={arXiv:1612.05360},
  year={2016}
}

@ARTICLE{isbi2012challenge,
  AUTHOR={Arganda-Carreras, Ignacio and Turaga, Srinivas and Berger, Daniel and others},
  TITLE={Crowdsourcing the creation of image segmentation algorithms for connectomics},
  JOURNAL={Front. Neuroanatomy},
  VOLUME={9},
  PAGES={142},
  YEAR={2015},
  DOI={10.3389/fnana.2015.00142},
  ISSN={1662-5129}
}

ARTICLE{isbi2012challenge,
  AUTHOR={Arganda-Carreras, Ignacio and Turaga, Srinivas and Berger, Daniel and Ciresan, Dan and Giusti, Alessandro and Gambardella, Luca M. and Schmidhuber, Jürgen and Laptev, Dmitry and Dwivedi, Sarvesh and Buhmann, Joachim M. and Liu, Ting and Seyedhosseini, Mojtaba and Tasdizen, Tolga and Kamentsky, Lee and Burget, Radim and Uher, Vaclav and Tan, Xiao and Sun, Changming and Pham, Tuan D. and Bas, Erhan and Uzunbas, Mustafa G. and Cardona, Albert and Schindelin, Johannes and Seung, H. Sebastian},
  TITLE={Crowdsourcing the creation of image segmentation algorithms for connectomics},
  JOURNAL={Frontiers in Neuroanatomy},
  VOLUME={9},
  PAGES={142},
  YEAR={2015},
  URL={http://journal.frontiersin.org/article/10.3389/fnana.2015.00142},
  DOI={10.3389/fnana.2015.00142},
  ISSN={1662-5129}
}

@article{kokkinos2015pushing,
  title={Pushing the boundaries of boundary detection using deep learning},
  author={Kokkinos, Iasonas},
  journal={arXiv:1511.07386},
  year={2015}
}

@article{zlateski2015image,
  title={Image segmentation by size-dependent single linkage clustering of a watershed basin graph},
  author={Zlateski, Aleksandar and Seung, H Sebastian},
  journal={arXiv:1505.00249},
  year={2015}
}

@article{knowles2016rhoananet,
  title={{RhoanaNet} Pipeline: Dense Automatic Neural Annotation},
  author={Knowles-Barley, Seymour and Kaynig, Verena and Jones, Thouis Ray and Wilson, Alyssa and Morgan, Joshua and Lee, Dongil and Berger, Daniel and Kasthuri, Narayanan and Lichtman, Jeff W and Pfister, Hanspeter},
  journal={arXiv:1611.06973},
  year={2016}
}

@article{he2017mask,
  title={Mask r-cnn},
  author={He, Kaiming and Gkioxari, Georgia and Doll{\'a}r, Piotr and Girshick, Ross},
  journal={arXiv preprint arXiv:1703.06870},
  year={2017}
}


@article{wolf2017learned,
  title={Learned Watershed: End-to-End Learning of Seeded Segmentation},
  author={Wolf, Steffen and Schott, Lukas and K{\"o}the, Ullrich and
Hamprecht, Fred},
  journal={Proc. ICCV'17},
  year={2017}
}

@inproceedings{cciccek20163d,
  title={{3D} {U}-{Net}: learning dense volumetric segmentation from sparse annotation},
  author={{\c{C}}i{\c{c}}ek, {\"O}zg{\"u}n and Abdulkadir, Ahmed and Lienkamp, Soeren S and Brox, Thomas and Ronneberger, Olaf},
  booktitle={International Conference on Medical Image Computing and Computer-Assisted Intervention},
  pages={424--432},
  year={2016},
  organization={Springer}
}

@article{funke2017deep,
  title={A Deep Structured Learning Approach Towards Automating Connectome Reconstruction from 3D Electron Micrographs},
  author={Funke, Jan and Tschopp, Fabian David and Grisaitis, William and Singh, Chandan and Saalfeld, Stephan and Turaga, Srinivas C},
  journal={arXiv preprint arXiv:1709.02974},
  year={2017}
}

@article{vincent1991watersheds,
  title={Watersheds in digital spaces: an efficient algorithm based on immersion simulations},
  author={Vincent, Luc and Soille, Pierre},
  journal={{IEEE} Trans. Pattern Analysis Machine Intelligence},
  number={6},
  pages={583--598},
  year={1991}
}

@article{beucher1992morphological,
  title={The morphological approach to segmentation: the watershed transformation},
  author={Beucher, Serge and Meyer, Fernand},
  journal={Optical Engineering},
  volume={34},
  pages={433--433},
  year={1992}
}

@INPROCEEDINGS{grimaud_92_watershed-dynamics,
  author = {Grimaud, M.},
  title = {New measure of contrast: the dynamics},
  booktitle = {Proc. Image Algebra and Morphological Processing},
  year = {1992},
  editor = {{P.~D.~Gader, E.~R.~Dougherty, \& J.~C.~Serra}},
  series = {{SPIE} Conf. Series},
  volume = {1769},
  pages = {292-305}
}

@inproceedings{vachier1995extinction,
  title={Extinction value: a new measurement of persistence},
  author={Vachier, Corinne and Meyer, Fernand},
  booktitle={Worksh. Nonlinear Signal and Image Processing},
  volume={1},
  pages={254--257},
  year={1995}
}

@article{najman1996geodesic,
  title={Geodesic saliency of watershed contours and hierarchical segmentation},
  author={Najman, Laurent and Schmitt, Michel},
  journal={{IEEE} Trans. Pattern Analysis and Machine Intelligence},
  volume={18},
  number={12},
  pages={1163--1173},
  year={1996}
}

@inproceedings{beucher1994watershed,
  title={Watershed, Hierarchical Segmentation and Waterfall Algorithm.},
  author={Beucher, Serge},
  booktitle={Proc. ISMM'94},
  volume={94},
  pages={69--76},
  year={1994}
}

@inproceedings{najman2009ultrametric,
  title={Ultrametric Watersheds},
  author={Najman, Laurent},
  booktitle={Proc. ISMM'09},
  volume={9},
  pages={181--192},
  year={2009}
}

@article{perret_17_hierarchical-watersheds,
  title={Evaluation of hierarchical watersheds},
  author={Perret, Benjamin and Cousty, Jean and Guimaraes, Silvio Jamil F and Maia, Deise S},
  journal={IEEE Transactions on Image Processing},
  volume={27},
  number={4},
  pages={1676--1688},
  year={2018},
  publisher={IEEE}
}

@ARTICLE{salembier_00_binary-partition-tree,
  author = {Philippe Salembier and Luis Garrido},
  title = {Binary Partition Tree as an Efficient Representation for Image Processing,
    Segmentation, and Information Retrieval},
  journal = {{IEEE} Trans. Image Proc.},
  year = {2000},
  volume = {9},
  pages = {561-576}
}

@ARTICLE{felzenszwalb_04_graph-based-image-segmentation,
  author = {Felzenszwalb, Pedro F. and Huttenlocher, Daniel P.},
  title = {{Efficient Graph-Based Image Segmentation}},
  journal = {Int. J. Comput. Vision},
  year = {2004},
  volume = {59},
  pages = {167--181},
  number = {2}
}
@ARTICLE{soille_08_hierarchical-image-decomposition,
  author = {P. Soille},
  title = {Constrained Connectivity for Hierarchical Image Decomposition and Simplification},
  journal = {{IEEE} Trans. Patt. Anal. Mach. Intell.},
  year = {2008},
  volume = {30},
  pages = {1132--1145},
  number = {7}
}


@ARTICLE{kiran_13_hierarchical-cuts,
  author = {B. Ravi Kiran and Jean Serra},
  title = {Global–local optimizations by hierarchical cuts and climbing energies},
  journal = {Pattern Recognition},
  year = {2014},
  volume = {47},
  pages = {12-24},
  number = {1}
}

@ARTICLE{najman_11_ultrametric-watersheds,
  author = {Najman, Laurent},
  title = {On the equivalence between hierarchical segmentations and ultrametric watersheds},
  journal = {J. of Mathematical Imaging and Vision},
  year = {2011},
  volume = {40},
  pages = {231--247},
  number = {3}
}

@conference {andres_11_probabilistic,
    title = {Probabilistic Image Segmentation with Closedness Constraints},
    booktitle = {Proc. ICCV'11},
    year = {2011},
    note = {1},
    pages = {2611 - 2618},
    author = {Bj{\"o}rn Andres and J{\"o}rg H. Kappes and Thorsten Beier and Ullrich K{\"o}the and Fred A. Hamprecht}
}

@conference {andres_12_globally,
    title = {Globally Optimal Closed-Surface Segmentation for Connectomics},
    booktitle = {Proc. ECCV'12, part 2},
    number = {7574},
    year = {2012},
    pages = {778-791},
    author = {Bj{\"o}rn Andres and Thorben Kr{\"o}ger and Briggmann, K. L. and Denk, W. and Norogod, N. and Knott, G. and Ullrich K{\"o}the and Fred A. Hamprecht}
}

@inproceedings{yarkony2012fast,
  title={Fast planar correlation clustering for image segmentation},
  author={Yarkony, Julian and Ihler, Alexander and Fowlkes, Charless C},
  booktitle={Proc. ECCV'12},
  pages={568--581},
  year={2012}
}

@article{cousty_16_segmentations-with-graphs,
  TITLE = {{Hierarchical segmentations with graphs: quasi-flat zones, minimum spanning trees, and saliency maps}},
  AUTHOR = {Cousty, Jean and Najman, Laurent and Kenmochi, Yukiko and Guimarães, Silvio},
  URL = {https://hal.archives-ouvertes.fr/hal-01344727},
  JOURNAL = {{HAL} preprint 01344727},
  YEAR = {2017}
}

@ARTICLE{xu_17_shape-spaces,
  author = {Y. Xu and E. Carlinet and T. Geraud and L. Najman},
  title = {Hierarchical Segmentation Using Tree-Based Shape Spaces},
  journal = {{IEEE} Trans. Pattern Analysis Machine Intelligence},
  year = {2017},
  volume = {39},
  pages = {457-469},
  number = {3}
}

@inproceedings{uzunbacs_14_optree,
  title={Optree: a learning-based adaptive watershed algorithm for neuron segmentation},
  author={Uzunba{\c{s}}, Mustafa G{\"o}khan and Chen, Chao and Metaxas, Dimitris},
  booktitle={Int. Conf. Medical Image Computing and Computer-Assisted Intervention (MICCAI'14)},
  pages={97--105},
  year={2014}
}

@inproceedings{zhang_14_cell,
    title = {Cell detection and segmentation using correlation clustering},
    booktitle = {Proc. MICCAI'14},
    year = {2014},
    pages = {9-16},
    author = {Zhang, C. and Julian Yarkony and Fred A. Hamprecht}
}


@article{dice1945measures,
  title={Measures of the amount of ecologic association between species},
  author={Dice, Lee R},
  journal={Ecology},
  volume={26},
  number={3},
  pages={297--302},
  year={1945},
  publisher={Wiley Online Library}
}

@article{sorensen1948method,
  title={A method of establishing groups of equal amplitude in plant sociology based on similarity of species and its application to analyses of the vegetation on Danish commons},
  author={S{\o}rensen, Thorvald},
  journal={Biol. Skr.},
  volume={5},
  pages={1--34},
  year={1948}
}

@inproceedings{pape2017solving,
  title={Solving Large Multicut Problems for Connectomics via Domain Decomposition},
  author={Pape, Constantin and Beier, Thorsten and Li, Peter and Jain, Viren and Bock, Davi D and Kreshuk, Anna},
  booktitle={Proceedings of the IEEE Conference on Computer Vision and Pattern Recognition},
  pages={1--10},
  year={2017}
}

@inproceedings{horvnakova2017analysis,
  title={Analysis and optimization of graph decompositions by lifted multicuts},
  author={Hor{\v{n}}{\'a}kov{\'a}, Andrea and Lange, Jan-Hendrik and Andres, Bjoern},
  booktitle={International Conference on Machine Learning},
  pages={1539--1548},
  year={2017}
}

@inproceedings{beier2016efficient,
  title={An efficient fusion move algorithm for the minimum cost lifted multicut problem},
  author={Beier, Thorsten and Andres, Bj{\"o}rn and K{\"o}the, Ullrich and Hamprecht, Fred A},
  booktitle={European Conference on Computer Vision},
  pages={715--730},
  year={2016},
  organization={Springer}
}

@article{parag2017anisotropic,
  title={Anisotropic {EM} Segmentation by 3D Affinity Learning and Agglomeration},
  author={Parag, Toufiq and Tschopp, Fabian and Grisaitis, William and Turaga, Srinivas C and Zhang, Xuewen and Matejek, Brian and Kamentsky, Lee and Lichtman, Jeff W and Pfister, Hanspeter},
  journal={arXiv preprint 1707.08935},
  year={2017}
}

@article{kernighan1970efficient,
  title={An efficient heuristic procedure for partitioning graphs},
  author={Kernighan, Brian W and Lin, Shen},
  journal={The Bell system technical journal},
  volume={49},
  number={2},
  pages={291--307},
  year={1970},
  publisher={Alcatel-Lucent}
}

@inproceedings{malmberg2011generalized,
  title={Generalized hard constraints for graph segmentation},
  author={Malmberg, Filip and Strand, Robin and Nystr{\"o}m, Ingela},
  booktitle={Scandinavian Conference on Image Analysis},
  pages={36--47},
  year={2011},
  organization={Springer}
}


@inproceedings{Cordts2016Cityscapes,
title={The Cityscapes Dataset for Semantic Urban Scene Understanding},
author={Cordts, Marius and Omran, Mohamed and Ramos, Sebastian and Rehfeld, Timo and Enzweiler, Markus and Benenson, Rodrigo and Franke, Uwe and Roth, Stefan and Schiele, Bernt},
booktitle={Proc. of the IEEE Conference on Computer Vision and Pattern Recognition (CVPR)},
year={2016}
}

@inproceedings{lin2014microsoft,
  title={Microsoft coco: Common objects in context},
  author={Lin, Tsung-Yi and Maire, Michael and Belongie, Serge and Hays, James and Perona, Pietro and Ramanan, Deva and Doll{\'a}r, Piotr and Zitnick, C Lawrence},
  booktitle={European conference on computer vision},
  pages={740--755},
  year={2014},
  organization={Springer}
}

@InProceedings{mottaghi_cvpr14,
 author       = {Roozbeh Mottaghi and Xianjie Chen and Xiaobai Liu and Nam-Gyu Cho and Seong-Whan Lee and Sanja Fidler and Raquel Urtasun and Alan Yuille},
 title        = {The Role of Context for Object Detection and Semantic Segmentation in the Wild},
 booktitle    = {IEEE Conference on Computer Vision and Pattern Recognition (CVPR)},
 year         = {2014},
}

@inproceedings{zhao2017pyramid,
  title={Pyramid scene parsing network},
  author={Zhao, Hengshuang and Shi, Jianping and Qi, Xiaojuan and Wang, Xiaogang and Jia, Jiaya},
  booktitle={IEEE Conf. on Computer Vision and Pattern Recognition (CVPR)},
  pages={2881--2890},
  year={2017}
}

@book{cormen2009introduction,
 author = {Cormen, Thomas H. and Leiserson, Charles E. and Rivest, Ronald L. and Stein, Clifford},
 title = {Introduction to Algorithms, Third Edition},
 year = {2009},
 isbn = {0262033844, 9780262033848},
 edition = {3rd},
 publisher = {The MIT Press},
} 

@article{keuper2015efficient,
  title={Efficient decomposition of image and mesh graphs by lifted multicuts},
  author={Keuper, Margret and Levinkov, Evgeny and Bonneel, Nicolas and Lavou{\'e}, Guillaume and Brox, Thomas and Andres, Bjoern},
  journal={arXiv preprint arXiv:1505.06973},
  year={2015}
}

@article{schlegel2017learning,
  title={Learning from connectomics on the fly.},
  author={Philipp Schlegel and Marta Costa and Gregory S X E Jefferis},
  journal={Current opinion in insect science},
  year={2017},
  volume={24},
  pages={
          96-105
        }
}

@article{shen2017multi,
  title={Multi-stage Multi-recursive-input Fully Convolutional Networks for Neuronal Boundary Detection},
  author={Wei Shen and Bin Wang and Yuan Jiang and Yan Wang and Alan L. Yuille},
  journal={2017 IEEE International Conference on Computer Vision (ICCV)},
  year={2017},
  pages={2410-2419}
}

@inproceedings{weiler2017learning,
  title = {Learning Steerable Filters for Rotation Equivariant {CNNs}},
  author = {Maurice Weiler and Fred A. Hamprecht and Martin Storath},
  journal = {2018 IEEE Conference on Computer Vision and Pattern Recognition (CVPR)},
  year = {2018},
  pages={849-858}
}


@inproceedings{kappes2011globally,
  title={Globally optimal image partitioning by multicuts},
  author={Kappes, J{\"o}rg Hendrik and Speth, Markus and Andres, Bj{\"o}rn and Reinelt, Gerhard and Schn, Christoph},
  booktitle={International Workshop on Energy Minimization Methods in Computer Vision and Pattern Recognition},
  pages={31--44},
  year={2011},
  organization={Springer}
}

@Article{bsd,
 author = {Arbelaez, Pablo and Maire, Michael and Fowlkes, Charless and Malik, Jitendra},
 title = {Contour Detection and Hierarchical Image Segmentation},
 journal = {IEEE Trans. Pattern Anal. Mach. Intell.},
 issue_date = {May 2011},
 volume = {33},
 number = {5},
 month = may,
 year = {2011},
 issn = {0162-8828},
 pages = {898--916},
 numpages = {19},
 url = {http://dx.doi.org/10.1109/TPAMI.2010.161},
 doi = {10.1109/TPAMI.2010.161},
 acmid = {1963088},
 publisher = {IEEE Computer Society},
 address = {Washington, DC, USA},
 keywords = {Contour detection, image segmentation, computer vision.},
}

@article{wolf2018mutex,
  title={The Mutex Watershed:
Efficient, Parameter-Free Image Partitioning},
  author={Wolf, Steffen and Pape, Constantin and Bailoni, Alberto and Rahaman, Nasim and Kreshuk, Anna and K{\"o}the, Ullrich and
Hamprecht, Fred},
  journal={Proc. ECCV'18},
  year={2018}
}

@article{Andres2015LiftingOM,
  title={Lifting of Multicuts},
  author={Bjoern Andres},
  journal={CoRR},
  year={2015},
  volume={abs/1503.03791}
}

@article{chopra1991multiway,
  title={On the multiway cut polyhedron},
  author={Chopra, Sunil and Rao, Mendu R},
  journal={Networks},
  volume={21},
  number={1},
  pages={51--89},
  year={1991},
  publisher={Wiley Online Library}
}

@article{funke2018large,
  title={Large Scale Image Segmentation with Structured Loss based Deep Learning for Connectome Reconstruction},
  author={Funke, Jan and Tschopp, Fabian David and Grisaitis, William and Sheridan, Arlo and Singh, Chandan and Saalfeld, Stephan and Turaga, Srinivas C},
  journal={IEEE Transactions on Pattern Analysis and Machine Intelligence},
  year={2018},
  publisher={IEEE}
}


@inproceedings{andres2012globally,
  title={Globally optimal closed-surface segmentation for connectomics},
  author={Andres, Bjoern and Kroeger, Thorben and Briggman, Kevin L and Denk, Winfried and Korogod, Natalya and Knott, Graham and Koethe, Ullrich and Hamprecht, Fred A},
  booktitle={European Conference on Computer Vision},
  pages={778--791},
  year={2012},
  organization={Springer}
}

@article{kingma2014adam,
  title={Adam: A method for stochastic optimization},
  author={Kingma, Diederik P and Ba, Jimmy},
  booktitle={International Conference on Learning Representations (ICLR)},
  year={2015}
}

@inproceedings{levinkov2017comparative,
  title={A Comparative Study of Local Search Algorithms for Correlation Clustering},
  author={Levinkov, Evgeny and Kirillov, Alexander and Andres, Bjoern},
  booktitle={German Conference on Pattern Recognition},
  pages={103--114},
  year={2017},
  organization={Springer}
}

@inproceedings{lange2018partial,
  title={Partial Optimality and Fast Lower Bounds for Weighted Correlation Clustering},
  author={Lange, Jan-Hendrik and Karrenbauer, Andreas and Andres, Bjoern},
  booktitle={International Conference on Machine Learning},
  pages={2898--2907},
  year={2018}
}

@article{Levi,
 author = {Levi, Zohar and Zorin, Denis},
 title = {Strict Minimizers for Geometric Optimization},
 journal = {ACM Trans. Graph.},
 issue_date = {November 2014},
 volume = {33},
 number = {6},
 month = nov,
 year = {2014},
 issn = {0730-0301},
 pages = {185:1--185:14},
 articleno = {185},
 numpages = {14},
 doi = {10.1145/2661229.2661258},
 acmid = {2661258},
 publisher = {ACM},
 address = {New York, NY, USA},
 keywords = {deformation, geometric modeling, parametrization, shape interpolation},
} 

@inproceedings{xiao2018deep,
  title={Deep contextual residual network for electron microscopy image segmentation in connectomics},
  author={Xiao, Chi and Liu, Jing and Chen, Xi and Han, Hua and Shu, Chang and Xie, Qiwei},
  booktitle={Biomedical Imaging (ISBI 2018), 2018 IEEE 15th International Symposium on},
  pages={378--381},
  year={2018},
  organization={IEEE}
}

@inproceedings{zhang2014cell,
  title={Cell detection and segmentation using correlation clustering},
  author={Zhang, Chong and Yarkony, Julian and Hamprecht, Fred A},
  booktitle={International Conference on Medical Image Computing and Computer-Assisted Intervention},
  pages={9--16},
  year={2014},
  organization={Springer}
}

@article{keuper2016multi,
  title={A multi-cut formulation for joint segmentation and tracking of multiple objects},
  author={Keuper, Margret and Tang, Siyu and Zhongjie, Yu and Andres, Bjoern and Brox, Thomas and Schiele, Bernt},
  journal={arXiv preprint arXiv:1607.06317},
  year={2016}
}

@article{najman2017extending,
  title={Extending the power watershed framework thanks to {$\Gamma$-convergence}},
  author={Najman, Laurent},
  journal={SIAM Journal on Imaging Sciences},
  volume={10},
  number={4},
  pages={2275--2292},
  year={2017},
  publisher={SIAM}
}

@book{dal2012introduction,
  title={An introduction to $\Gamma$-convergence},
  author={Dal Maso, Gianni},
  volume={8},
  year={2012},
  publisher={Springer Science \& Business Media}
}

@incollection{braides2006handbook,
  title={A handbook of $\Gamma$-convergence},
  author={Braides, Andrea},
  booktitle={Handbook of Differential Equations: stationary partial differential equations},
  volume={3},
  pages={101--213},
  year={2006},
  publisher={Elsevier}
}

@article{demaine2006correlation,
  title={Correlation clustering in general weighted graphs},
  author={Demaine, Erik D and Emanuel, Dotan and Fiat, Amos and Immorlica, Nicole},
  journal={Theoretical Computer Science},
  volume={361},
  number={2-3},
  pages={172--187},
  year={2006},
  publisher={Elsevier}
}

@article{lee2019learning,
  title={Learning Dense Voxel Embeddings for 3D Neuron Reconstruction},
  author={Lee, Kisuk and Lu, Ran and Luther, Kyle and Seung, H Sebastian},
  journal={arXiv preprint arXiv:1909.09872},
  year={2019}
}

@article{guigues2006scale,
title={Scale-sets image analysis}, 
author={Guigues, Laurent and Cocquerez, Jean Pierre and Le Men, Herv{\'e}}, 
journal={International Journal of Computer Vision}, 
volume={68}, 
number={3}, 
pages={289--317}, 
year={2006}, 
publisher={Springer}
}

@inproceedings{Beucher-Lantu-79,
Address = {Rennes, France},
Author = {Beucher, S. and Lantu\'{e}joul, C.}, 
Booktitle = {Int. Workshop on Image Processing}, 
Month = {Sept.}, 
Optnote = {First international publication of the Watershed}, 
Organization = {CCETT/IRISA}, 
Title = {Use of Watersheds in Contour Detection}, 
Year = {1979}
}


@inproceedings{pohle2001segmentation,
  title={Segmentation of medical images using adaptive region growing},
  author={Pohle, Regina and Toennies, Klaus D},
  booktitle={Medical Imaging 2001: Image Processing},
  volume={4322},
  pages={1337--1346},
  year={2001},
  organization={International Society for Optics and Photonics}
}

@inproceedings{alattar2010myocardial,
  title={Myocardial segmentation using constrained multi-seeded region growing},
  author={Alattar, Mustafa A and Osman, Nael F and Fahmy, Ahmed S},
  booktitle={International Conference Image Analysis and Recognition},
  pages={89--98},
  year={2010},
  organization={Springer}
}

@article{al2014computer,
  title={Computer-aided segmentation system for breast {MRI} tumour using modified automatic seeded region growing {(BMRI-MASRG)}},
  author={Al-Faris, Ali Qusay and Ngah, Umi Kalthum and Isa, Nor Ashidi Mat and Shuaib, Ibrahim Lutfi},
  journal={Journal of digital imaging},
  volume={27},
  number={1},
  pages={133--144},
  year={2014},
  publisher={Springer}
}


@article{mubarak2012hybrid,
  title={A hybrid region growing algorithm for medical image segmentation},
  author={Mubarak, D Muhammad Noorul and Sathik, M Mohamed and Beevi, S Zulaikha and Revathy, K},
  journal={International Journal of Computer Science \& Information Technology},
  volume={4},
  number={3},
  pages={61},
  year={2012},
  publisher={Academy \& Industry Research Collaboration Center (AIRCC)}
}


@inproceedings{shan2008novel,
  title={A novel automatic seed point selection algorithm for breast ultrasound images},
  author={Shan, Juan and Cheng, Heng-Da and Wang, Yuxuan},
  booktitle={2008 19th International Conference on Pattern Recognition},
  pages={1--4},
  year={2008},
  organization={IEEE}
}


@article{abdelsamea2011enhancement,
  title={An Enhancement Neighborhood Connected Segmentation for {2D-Cellular Image}},
  author={Abdelsamea, MM},
  journal={International Journal of Bioscience, Biochemistry and Bioinformatics},
  volume={1},
  number={4},
  year={2011}
}

@incollection{al2014breast,
  title={Breast {MRI} tumour segmentation using modified automatic seeded region growing based on particle swarm optimization image clustering},
  author={Al-Faris, Ali Qusay and Ngah, Umi Kalthum and Isa, Nor Ashidi Mat and Shuaib, Ibrahim Lutfi},
  booktitle={Soft Computing in Industrial Applications},
  pages={49--60},
  year={2014},
  publisher={Springer}
}

@inproceedings{poonguzhali2006complete,
  title={A complete automatic region growing method for segmentation of masses on ultrasound images},
  author={Poonguzhali, S and Ravindran, G},
  booktitle={2006 International Conference on Biomedical and Pharmaceutical Engineering},
  pages={88--92},
  year={2006},
  organization={IEEE}
}

@inproceedings{wu2008texture,
  title={Texture feature based automated seeded region growing in abdominal {MRI} segmentation},
  author={Wu, Jie and Poehlman, Skip and Noseworthy, Michael D and Kamath, Markad V},
  booktitle={2008 International Conference on BioMedical Engineering and Informatics},
  volume={2},
  pages={263--267},
  year={2008},
  organization={IEEE}
}

##### GASP

@article{banfield1976algorithm,
  title={Algorithm AS 102: Ultrametric Distances for a Single Linkage Dendrogram},
  author={Banfield, CF},
  journal={Journal of the Royal Statistical Society. Series C (Applied Statistics)},
  volume={25},
  number={3},
  pages={313--315},
  year={1976},
  publisher={JSTOR}
}

@inproceedings{beier2014cut,
  title={Cut, glue \& cut: A fast, approximate solver for multicut partitioning},
  author={Beier, Thorsten and Kroeger, Thorben and Kappes, Jorg H and Kothe, Ullrich and Hamprecht, Fred A},
  booktitle={Proceedings of the IEEE Conference on Computer Vision and Pattern Recognition},
  pages={73--80},
  year={2014}
}

@article{bailoni2020proposal,
  title={Proposal-Free Volumetric Instance Segmentation from Latent Single-Instance Masks},
  author={Bailoni, Alberto and Pape, Constantin and Wolf, Steffen and Kreshuk, Anna and Hamprecht, Fred A},
  journal={arXiv preprint arXiv:2009.04998},
  year={2020}
}

@inproceedings{kappes2013comparative,
  title={A comparative study of modern inference techniques for discrete energy minimization problems},
  author={Kappes, Joerg and Andres, Bjoern and Hamprecht, Fred and Schnorr, Christoph and Nowozin, Sebastian and Batra, Dhruv and Kim, Sungwoong and Kausler, Bernhard and Lellmann, Jan and Komodakis, Nikos and others},
  booktitle={Proceedings of the IEEE conference on computer vision and pattern recognition},
  pages={1328--1335},
  year={2013}
}

@inproceedings{andres2011probabilistic,
  title={Probabilistic image segmentation with closedness constraints},
  author={Andres, Bjoern and Kappes, J{\"o}rg H and Beier, Thorsten and K{\"o}the, Ullrich and Hamprecht, Fred A},
  booktitle={2011 International Conference on Computer Vision},
  pages={2611--2618},
  year={2011},
  organization={IEEE}
}

@article{brandes2007modularity,
  title={On modularity clustering},
  author={Brandes, Ulrik and Delling, Daniel and Gaertler, Marco and Gorke, Robert and Hoefer, Martin and Nikoloski, Zoran and Wagner, Dorothea},
  journal={IEEE transactions on knowledge and data engineering},
  volume={20},
  number={2},
  pages={172--188},
  year={2007},
  publisher={IEEE}
}

@article{chehreghani2020hierarchical,
  title={Hierarchical correlation clustering and tree preserving embedding},
  author={Chehreghani, Morteza Haghir},
  journal={arXiv preprint arXiv:2002.07756},
  year={2020}
}

@article{milligan1979ultrametric,
  title={Ultrametric hierarchical clustering algorithms},
  author={Milligan, Glenn W},
  journal={Psychometrika},
  volume={44},
  number={3},
  pages={343--346},
  year={1979},
  publisher={Springer}
}

@article{johnson1967hierarchical,
  title={Hierarchical clustering schemes},
  author={Johnson, Stephen C},
  journal={Psychometrika},
  volume={32},
  number={3},
  pages={241--254},
  year={1967},
  publisher={Springer}
}

@inproceedings{xie2015holistically,
  title={Holistically-nested edge detection},
  author={Xie, Saining and Tu, Zhuowen},
  booktitle={Proc. ICCV'15},
  pages={1395--1403},
  year={2015}
}

@article{maninis2018convolutional,
  title={Convolutional oriented boundaries: From image segmentation to high-level tasks},
  author={Maninis, Kevis-Kokitsi and Pont-Tuset, Jordi and Arbel{\'a}ez, Pablo and Van Gool, Luc},
  journal={IEEE transactions on pattern analysis and machine intelligence},
  volume={40},
  number={4},
  pages={819--833},
  year={2018},
  publisher={IEEE}
}

@inproceedings{long2015fully,
  title={Fully convolutional networks for semantic segmentation},
  author={Long, Jonathan and Shelhamer, Evan and Darrell, Trevor},
  booktitle={Proceedings of the IEEE conference on computer vision and pattern recognition},
  pages={3431--3440},
  year={2015}
}

@article{chen2018deeplab,
  title={Deeplab: Semantic image segmentation with deep convolutional nets, atrous convolution, and fully connected crfs},
  author={Chen, Liang-Chieh and Papandreou, George and Kokkinos, Iasonas and Murphy, Kevin and Yuille, Alan L},
  journal={IEEE transactions on pattern analysis and machine intelligence},
  volume={40},
  number={4},
  pages={834--848},
  year={2018},
  publisher={IEEE}
}

@inproceedings{kong2018recurrent,
  title={Recurrent scene parsing with perspective understanding in the loop},
  author={Kong, Shu and Fowlkes, Charless C},
  booktitle={Proceedings of the IEEE Conference on Computer Vision and Pattern Recognition},
  pages={956--965},
  year={2018}
}

@inproceedings{weinzaepfel2013deepflow,
  title={DeepFlow: Large displacement optical flow with deep matching},
  author={Weinzaepfel, Philippe and Revaud, Jerome and Harchaoui, Zaid and Schmid, Cordelia},
  booktitle={Proceedings of the IEEE International Conference on Computer Vision},
  pages={1385--1392},
  year={2013}
}

@inproceedings{dosovitskiy2015flownet,
  title={Flownet: Learning optical flow with convolutional networks},
  author={Dosovitskiy, Alexey and Fischer, Philipp and Ilg, Eddy and Hausser, Philip and Hazirbas, Caner and Golkov, Vladimir and Van Der Smagt, Patrick and Cremers, Daniel and Brox, Thomas},
  booktitle={Proceedings of the IEEE international conference on computer vision},
  pages={2758--2766},
  year={2015}
}

@inproceedings{cao2017realtime,
  title={Realtime multi-person 2d pose estimation using part affinity fields},
  author={Cao, Zhe and Simon, Tomas and Wei, Shih-En and Sheikh, Yaser},
  booktitle={Proceedings of the IEEE Conference on Computer Vision and Pattern Recognition},
  pages={7291--7299},
  year={2017}
}

@inproceedings{wei2016convolutional,
  title={Convolutional pose machines},
  author={Wei, Shih-En and Ramakrishna, Varun and Kanade, Takeo and Sheikh, Yaser},
  booktitle={Proceedings of the IEEE Conference on Computer Vision and Pattern Recognition},
  pages={4724--4732},
  year={2016}
}

@article{liang2018proposal,
  title={Proposal-free network for instance-level object segmentation},
  author={Liang, Xiaodan and Lin, Liang and Wei, Yunchao and Shen, Xiaohui and Yang, Jianchao and Yan, Shuicheng},
  journal={IEEE transactions on pattern analysis and machine intelligence},
  volume={40},
  number={12},
  pages={2978--2991},
  year={2018},
  publisher={IEEE}
}

@inproceedings{dai2015convolutional,
  title={Convolutional feature masking for joint object and stuff segmentation},
  author={Dai, Jifeng and He, Kaiming and Sun, Jian},
  booktitle={Proceedings of the IEEE Conference on Computer Vision and Pattern Recognition},
  pages={3992--4000},
  year={2015}
}

@inproceedings{li2017fully,
  title={Fully convolutional instance-aware semantic segmentation},
  author={Li, Yi and Qi, Haozhi and Dai, Jifeng and Ji, Xiangyang and Wei, Yichen},
  booktitle={Proceedings of the IEEE Conference on Computer Vision and Pattern Recognition},
  pages={2359--2367},
  year={2017}
}

@inproceedings{liang2016reversible,
  title={Reversible recursive instance-level object segmentation},
  author={Liang, Xiaodan and Wei, Yunchao and Shen, Xiaohui and Jie, Zequn and Feng, Jiashi and Lin, Liang and Yan, Shuicheng},
  booktitle={Proceedings of the IEEE Conference on Computer Vision and Pattern Recognition},
  pages={633--641},
  year={2016}
}

@inproceedings{arnab2017pixelwise,
  title={Pixelwise instance segmentation with a dynamically instantiated network},
  author={Arnab, Anurag and Torr, Philip HS},
  booktitle={Proceedings of the IEEE Conference on Computer Vision and Pattern Recognition},
  pages={441--450},
  year={2017}
}

@inproceedings{hariharan2014simultaneous,
  title={Simultaneous detection and segmentation},
  author={Hariharan, Bharath and Arbel{\'a}ez, Pablo and Girshick, Ross and Malik, Jitendra},
  booktitle={European Conference on Computer Vision},
  pages={297--312},
  year={2014},
  organization={Springer}
}

@inproceedings{chen2015multi,
  title={Multi-instance object segmentation with occlusion handling},
  author={Chen, Yi-Ting and Liu, Xiaokai and Yang, Ming-Hsuan},
  booktitle={Proceedings of the IEEE Conference on Computer Vision and Pattern Recognition},
  pages={3470--3478},
  year={2015}
}

@inproceedings{hariharan2015hypercolumns,
  title={Hypercolumns for object segmentation and fine-grained localization},
  author={Hariharan, Bharath and Arbel{\'a}ez, Pablo and Girshick, Ross and Malik, Jitendra},
  booktitle={Proceedings of the IEEE conference on computer vision and pattern recognition},
  pages={447--456},
  year={2015}
}

@inproceedings{dai2016instance,
  title={Instance-aware semantic segmentation via multi-task network cascades},
  author={Dai, Jifeng and He, Kaiming and Sun, Jian},
  booktitle={Proceedings of the IEEE Conference on Computer Vision and Pattern Recognition},
  pages={3150--3158},
  year={2016}
}

@inproceedings{uhrig2016pixel,
  title={Pixel-level encoding and depth layering for instance-level semantic labeling},
  author={Uhrig, Jonas and Cordts, Marius and Franke, Uwe and Brox, Thomas},
  booktitle={German Conference on Pattern Recognition},
  pages={14--25},
  year={2016},
  organization={Springer}
}

@inproceedings{he2017mask,
  title={Mask r-cnn},
  author={He, Kaiming and Gkioxari, Georgia and Doll{\'a}r, Piotr and Girshick, Ross},
  booktitle={Proceedings of the IEEE international conference on computer vision},
  pages={2961--2969},
  year={2017}
}

@article{yang2012layered,
  title={Layered object models for image segmentation},
  author={Yang, Yi and Hallman, Sam and Ramanan, Deva and Fowlkes, Charless C},
  journal={IEEE Transactions on Pattern Analysis and Machine Intelligence},
  volume={34},
  number={9},
  pages={1731--1743},
  year={2012},
  publisher={IEEE}
}

@inproceedings{ladicky2010and,
  title={What, where and how many? Combining object detectors and {CRFS}},
  author={Ladick{\`y}, L'ubor and Sturgess, Paul and Alahari, Karteek and Russell, Chris and Torr, Philip HS},
  booktitle={European conference on computer vision},
  pages={424--437},
  year={2010},
  organization={Springer}
}

@inproceedings{pinheiro2015learning,
  title={Learning to segment object candidates},
  author={Pinheiro, Pedro O and Collobert, Ronan and Doll{\'a}r, Piotr},
  booktitle={Advances in Neural Information Processing Systems},
  pages={1990--1998},
  year={2015}
}

@inproceedings{pinheiro2016learning,
  title={Learning to refine object segments},
  author={Pinheiro, Pedro O and Lin, Tsung-Yi and Collobert, Ronan and Doll{\'a}r, Piotr},
  booktitle={European Conference on Computer Vision},
  pages={75--91},
  year={2016},
  organization={Springer}
}

@inproceedings{hu2017fastmask,
  title={Fastmask: Segment multi-scale object candidates in one shot},
  author={Hu, Hexiang and Lan, Shiyi and Jiang, Yuning and Cao, Zhimin and Sha, Fei},
  booktitle={Proceedings of the IEEE Conference on Computer Vision and Pattern Recognition},
  pages={991--999},
  year={2017}
}

@inproceedings{kirillov2017instancecut,
  title={Instancecut: from edges to instances with multicut},
  author={Kirillov, Alexander and Levinkov, Evgeny and Andres, Bjoern and Savchynskyy, Bogdan and Rother, Carsten},
  booktitle={Proceedings of the IEEE Conference on Computer Vision and Pattern Recognition},
  pages={5008--5017},
  year={2017}
}

@inproceedings{romera2016recurrent,
  title={Recurrent instance segmentation},
  author={Romera-Paredes, Bernardino and Torr, Philip Hilaire Sean},
  booktitle={European conference on computer vision},
  pages={312--329},
  year={2016},
  organization={Springer}
}

@inproceedings{ren2017end,
  title={End-to-end instance segmentation with recurrent attention},
  author={Ren, Mengye and Zemel, Richard S},
  booktitle={Proceedings of the IEEE Conference on Computer Vision and Pattern Recognition},
  pages={6656--6664},
  year={2017}
}

@article{fathi2017semantic,
  title={Semantic instance segmentation via deep metric learning},
  author={Fathi, Alireza and Wojna, Zbigniew and Rathod, Vivek and Wang, Peng and Song, Hyun Oh and Guadarrama, Sergio and Murphy, Kevin P},
  journal={arXiv preprint arXiv:1703.10277},
  year={2017}
}

@inproceedings{newell2017associative,
  title={Associative embedding: End-to-end learning for joint detection and grouping},
  author={Newell, Alejandro and Huang, Zhiao and Deng, Jia},
  booktitle={Advances in Neural Information Processing Systems},
  pages={2277--2287},
  year={2017}
}

@inproceedings{sironi2014multiscale,
  title={Multiscale centerline detection by learning a scale-space distance transform},
  author={Sironi, Amos and Lepetit, Vincent and Fua, Pascal},
  booktitle={Proceedings of the IEEE Conference on Computer Vision and Pattern Recognition},
  pages={2697--2704},
  year={2014}
}

@inproceedings{bai2017deep,
  title={Deep watershed transform for instance segmentation},
  author={Bai, Min and Urtasun, Raquel},
  booktitle={Proceedings of the IEEE Conference on Computer Vision and Pattern Recognition},
  pages={5221--5229},
  year={2017}
}

@InProceedings{Maire_2016_CVPR,
author = {Maire, Michael and Narihira, Takuya and Yu, Stella X.},
title = {Affinity CNN: Learning Pixel-Centric Pairwise Relations for Figure/Ground Embedding},
booktitle = {The IEEE Conference on Computer Vision and Pattern Recognition (CVPR)},
month = {June},
year = {2016}
}

@article{shi2000normalized,
  title={Normalized cuts and image segmentation},
  author={Shi, Jianbo and Malik, Jitendra},
  journal={Departmental Papers (CIS)},
  pages={107},
  year={2000}
}

@article{de2017semantic,
  title={Semantic instance segmentation with a discriminative loss function},
  author={De Brabandere, Bert and Neven, Davy and Van Gool, Luc},
  journal={arXiv preprint arXiv:1708.02551},
  year={2017}
}


@inproceedings{wolf2018mutex,
  title={The mutex watershed: Efficient, parameter-free image partitioning},
  author={Wolf, Steffen and Pape, Constantin and Bailoni, Alberto and Rahaman, Nasim and Kreshuk, Anna and Kothe, Ullrich and Hamprecht, FredA},
  booktitle={Proceedings of the European Conference on Computer Vision (ECCV)},
  pages={546--562},
  year={2018}
}

@inproceedings{liu2018affinity,
  title={Affinity derivation and graph merge for instance segmentation},
  author={Liu, Yiding and Yang, Siyu and Li, Bin and Zhou, Wengang and Xu, Jizheng and Li, Houqiang and Lu, Yan},
  booktitle={Proceedings of the European Conference on Computer Vision (ECCV)},
  pages={686--703},
  year={2018}
}

@article{lee2017superhuman,
  title={Superhuman accuracy on the {SNEMI3D} connectomics challenge},
  author={Lee, Kisuk and Zung, Jonathan and Li, Peter and Jain, Viren and Seung, H Sebastian},
  journal={arXiv preprint arXiv:1706.00120},
  year={2017}
}

@inproceedings{malmberg2011generalized,
  title={Generalized hard constraints for graph segmentation},
  author={Malmberg, Filip and Strand, Robin and Nystr{\"o}m, Ingela},
  booktitle={Scandinavian Conference on Image Analysis},
  pages={36--47},
  year={2011},
  organization={Springer}
}

@inproceedings{levinkov2017comparative,
  title={A comparative study of local search algorithms for correlation clustering},
  author={Levinkov, Evgeny and Kirillov, Alexander and Andres, Bjoern},
  booktitle={German Conference on Pattern Recognition},
  pages={103--114},
  year={2017},
  organization={Springer}
}

@article{felzenszwalb2004efficient,
  title={Efficient graph-based image segmentation},
  author={Felzenszwalb, Pedro F and Huttenlocher, Daniel P},
  journal={International journal of computer vision},
  volume={59},
  number={2},
  pages={167--181},
  year={2004},
  publisher={Springer}
}


@article{jin2016object,
  title={Object detection free instance segmentation with labeling transformations},
  author={Jin, Long and Chen, Zeyu and Tu, Zhuowen},
  journal={arXiv preprint arXiv:1611.08991},
  year={2016}
}

@inproceedings{de2017semantic,
  title={Semantic instance segmentation for autonomous driving},
  author={De Brabandere, Bert and Neven, Davy and Van Gool, Luc},
  booktitle={Proceedings of the IEEE Conference on Computer Vision and Pattern Recognition Workshops},
  pages={7--9},
  year={2017}
}

@inproceedings{liu2017sgn,
  title={Sgn: Sequential grouping networks for instance segmentation},
  author={Liu, Shu and Jia, Jiaya and Fidler, Sanja and Urtasun, Raquel},
  booktitle={Proceedings of the IEEE International Conference on Computer Vision},
  pages={3496--3504},
  year={2017}
}

@inproceedings{arbelaez2006boundary,
  title={Boundary extraction in natural images using ultrametric contour maps},
  author={Arbelaez, Pablo},
  booktitle={null},
  pages={182},
  year={2006},
  organization={IEEE}
}

@article{arbelaez2011contour,
  title={Contour detection and hierarchical image segmentation},
  author={Arbelaez, Pablo and Maire, Michael and Fowlkes, Charless and Malik, Jitendra},
  journal={IEEE transactions on pattern analysis and machine intelligence},
  volume={33},
  number={5},
  pages={898--916},
  year={2011},
  publisher={IEEE}
}

@article{kiran2014global,
  title={Global--local optimizations by hierarchical cuts and climbing energies},
  author={Kiran, B Ravi and Serra, Jean},
  journal={Pattern Recognition},
  volume={47},
  number={1},
  pages={12--24},
  year={2014},
  publisher={Elsevier}
}

@inproceedings{campello2013density,
  title={Density-based clustering based on hierarchical density estimates},
  author={Campello, Ricardo JGB and Moulavi, Davoud and Sander, J{\"o}rg},
  booktitle={Pacific-Asia conference on knowledge discovery and data mining},
  pages={160--172},
  year={2013},
  organization={Springer}
}

@inproceedings{ren2013image,
  title={Image segmentation by cascaded region agglomeration},
  author={Ren, Zhile and Shakhnarovich, Gregory},
  booktitle={Proceedings of the IEEE Conference on Computer Vision and Pattern Recognition},
  pages={2011--2018},
  year={2013}
}

@inproceedings{arbelaez2014multiscale,
  title={Multiscale combinatorial grouping},
  author={Arbel{\'a}ez, Pablo and Pont-Tuset, Jordi and Barron, Jonathan T and Marques, Ferran and Malik, Jitendra},
  booktitle={Proceedings of the IEEE conference on computer vision and pattern recognition},
  pages={328--335},
  year={2014}
}

@article{liu2016image,
  title={Image segmentation using hierarchical merge tree},
  author={Liu, Ting and Seyedhosseini, Mojtaba and Tasdizen, Tolga},
  journal={IEEE transactions on image processing},
  volume={25},
  number={10},
  pages={4596--4607},
  year={2016},
  publisher={IEEE}
}

@article{nunez2013machine,
  title={Machine learning of hierarchical clustering to segment {2D} and {3D} images},
  author={Nunez-Iglesias, Juan and Kennedy, Ryan and Parag, Toufiq and Shi, Jianbo and Chklovskii, Dmitri B},
  journal={PloS one},
  volume={8},
  number={8},
  pages={e71715},
  year={2013},
  publisher={Public Library of Science}
}

@article{kaynig2015large,
  title={Large-scale automatic reconstruction of neuronal processes from electron microscopy images},
  author={Kaynig, Verena and Vazquez-Reina, Amelio and Knowles-Barley, Seymour and Roberts, Mike and Jones, Thouis R and Kasthuri, Narayanan and Miller, Eric and Lichtman, Jeff and Pfister, Hanspeter},
  journal={Medical image analysis},
  volume={22},
  number={1},
  pages={77--88},
  year={2015},
  publisher={Elsevier}
}

@inproceedings{krasowski2015improving,
  title={Improving {3D} {EM} data segmentation by joint optimization over boundary evidence and biological priors},
  author={Krasowski, Nikola and Beier, Thorsten and Knott, Graham W and Koethe, Ullrich and Hamprecht, Fred A and Kreshuk, Anna},
  booktitle={2015 IEEE 12th International Symposium on Biomedical Imaging (ISBI)},
  pages={536--539},
  year={2015},
  organization={IEEE}
}

@article{liu2014modular,
  title={A modular hierarchical approach to {3D} electron microscopy image segmentation},
  author={Liu, Ting and Jones, Cory and Seyedhosseini, Mojtaba and Tasdizen, Tolga},
  journal={Journal of neuroscience methods},
  volume={226},
  pages={88--102},
  year={2014},
  publisher={Elsevier}
}


@inproceedings{funke2015learning,
  title={Learning to segment: training hierarchical segmentation under a topological loss},
  author={Funke, Jan and Hamprecht, Fred A and Zhang, Chong},
  booktitle={International Conference on Medical Image Computing and Computer-Assisted Intervention},
  pages={268--275},
  year={2015},
  organization={Springer}
}

@article{uzunbas2016efficient,
  title={An efficient conditional random field approach for automatic and interactive neuron segmentation},
  author={Uzunbas, Mustafa Gokhan and Chen, Chao and Metaxas, Dimitris},
  journal={Medical image analysis},
  volume={27},
  pages={31--44},
  year={2016},
  publisher={Elsevier}
}


@inproceedings{liu2016sshmt,
  title={{SSHMT}: Semi-supervised hierarchical merge tree for electron microscopy image segmentation},
  author={Liu, Ting and Zhang, Miaomiao and Javanmardi, Mehran and Ramesh, Nisha and Tasdizen, Tolga},
  booktitle={European Conference on Computer Vision},
  pages={144--159},
  year={2016},
  organization={Springer}
}

@article{funke2018large,
  title={Large scale image segmentation with structured loss based deep learning for connectome reconstruction},
  author={Funke, Jan and Tschopp, Fabian David and Grisaitis, William and Sheridan, Arlo and Singh, Chandan and Saalfeld, Stephan and Turaga, Srinivas C},
  journal={IEEE transactions on pattern analysis and machine intelligence},
  year={2018},
  publisher={IEEE}
}


@inproceedings{funke2018candidate,
  title={The Candidate multi-cut for cell segmentation},
  author={Funke, Jan and Zhang, Chong and Pietzsch, Tobias and Ballester, Miguel A Gonzalez and Saalfeld, Stephan},
  booktitle={2018 IEEE 15th International Symposium on Biomedical Imaging (ISBI 2018)},
  pages={649--653},
  year={2018},
  organization={IEEE}
}

@article{beier2017multicut,
  title={Multicut brings automated neurite segmentation closer to human performance},
  author={Beier, Thorsten and Pape, Constantin and Rahaman, Nasim and Prange, Timo and Berg, Stuart and Bock, Davi D and Cardona, Albert and Knott, Graham W and Plaza, Stephen M and Scheffer, Louis K and others},
  journal={Nature Methods},
  volume={14},
  number={2},
  pages={101},
  year={2017},
  publisher={Nature Publishing Group}
}

@article{guigues2003hierarchy,
  title={The hierarchy of the cocoons of a graph and its application to image segmentation},
  author={Guigues, Laurent and Le Men, Herv{\'e} and Cocquerez, Jean-Pierre},
  journal={Pattern Recognition Letters},
  volume={24},
  number={8},
  pages={1059--1066},
  year={2003},
  publisher={Elsevier}
}

@article{lance1967general,
  title={A general theory of classificatory sorting strategies: 1. {Hierarchical} systems},
  author={Lance, Godfrey N and Williams, William Thomas},
  journal={The computer journal},
  volume={9},
  number={4},
  pages={373--380},
  year={1967},
  publisher={The British Computer Society}
}

@inproceedings{kardoostsolving,
title = {Solving Minimum Cost Lifted Multicut Problems by Node Agglomeration},
author = {Kardoost, Amirhossein and Keuper, Margret},
language = {eng},
year = {2018},
publremark = {Accepted},
MARGINALMARK = {$\bullet$},
BOOKTITLE = {ACCV 2018, 14th Asian Conference on Computer Vision},
ADDRESS = {Perth, Australia},
}

@article{mullner2011modern,
  title={Modern hierarchical, agglomerative clustering algorithms},
  author={M{\"u}llner, Daniel},
  journal={arXiv preprint arXiv:1109.2378},
  year={2011}
}

@inproceedings{lin2014microsoft,
  title={Microsoft coco: Common objects in context},
  author={Lin, Tsung-Yi and Maire, Michael and Belongie, Serge and Hays, James and Perona, Pietro and Ramanan, Deva and Doll{\'a}r, Piotr and Zitnick, C Lawrence},
  booktitle={European conference on computer vision},
  pages={740--755},
  year={2014},
  organization={Springer}
}

@article{everingham2010pascal,
  title={The {Pascal Visual Object Classes (VOC)} challenge},
  author={Everingham, Mark and Van Gool, Luc and Williams, Christopher KI and Winn, John and Zisserman, Andrew},
  journal={International journal of computer vision},
  volume={88},
  number={2},
  pages={303--338},
  year={2010},
  publisher={Springer}
}

@inproceedings{cordts2016cityscapes,
  title={The cityscapes dataset for semantic urban scene understanding},
  author={Cordts, Marius and Omran, Mohamed and Ramos, Sebastian and Rehfeld, Timo and Enzweiler, Markus and Benenson, Rodrigo and Franke, Uwe and Roth, Stefan and Schiele, Bernt},
  booktitle={Proceedings of the IEEE conference on computer vision and pattern recognition},
  pages={3213--3223},
  year={2016}
}

@inproceedings{yarkony2012fast,
  title={Fast planar correlation clustering for image segmentation},
  author={Yarkony, Julian and Ihler, Alexander and Fowlkes, Charless C},
  booktitle={European Conference on Computer Vision},
  pages={568--581},
  year={2012},
  organization={Springer}
}

@inproceedings{pape2017solving,
  title={Solving large multicut problems for connectomics via domain decomposition},
  author={Pape, Constantin and Beier, Thorsten and Li, Peter and Jain, Viren and Bock, Davi D and Kreshuk, Anna},
  booktitle={Proceedings of the IEEE International Conference on Computer Vision},
  pages={1--10},
  year={2017}
}

@article{arganda2015crowdsourcing,
  title={Crowdsourcing the creation of image segmentation algorithms for connectomics},
  author={Arganda-Carreras, Ignacio and Turaga, Srinivas C and Berger, Daniel R and Cire{\c{s}}an, Dan and Giusti, Alessandro and Gambardella, Luca M and Schmidhuber, J{\"u}rgen and Laptev, Dmitry and Dwivedi, Sarvesh and Buhmann, Joachim M and others},
  journal={Frontiers in neuroanatomy},
  volume={9},
  pages={142},
  year={2015},
  publisher={Frontiers}
}

@inproceedings{kappes2011globally,
  title={Globally optimal image partitioning by multicuts},
  author={Kappes, J{\"o}rg Hendrik and Speth, Markus and Andres, Bj{\"o}rn and Reinelt, Gerhard and Schn{\"o}rr, Christoph},
  booktitle={International Workshop on Energy Minimization Methods in Computer Vision and Pattern Recognition},
  pages={31--44},
  year={2011},
  organization={Springer}
}

@article{chopra1991multiway,
  title={On the multiway cut polyhedron},
  author={Chopra, Sunil and Rao, Mendu R},
  journal={Networks},
  volume={21},
  number={1},
  pages={51--89},
  year={1991},
  publisher={Wiley Online Library}
}

@article{andres2015lifting,
  title={Lifting of multicuts},
  author={Andres, Bjoern and Fuksov{\'a}, Andrea and Lange, Jan-Hendrik},
  journal={CoRR, abs/1503.03791},
  volume={3},
  year={2015}
}

@article{schlegel2017learning,
  title={Learning from connectomics on the fly},
  author={Schlegel, Philipp and Costa, Marta and Jefferis, Gregory SXE},
  journal={Current opinion in insect science},
  volume={24},
  pages={96--105},
  year={2017},
  publisher={Elsevier}
}

@inproceedings{ciresan2012deep,
  title={Deep neural networks segment neuronal membranes in electron microscopy images},
  author={Ciresan, Dan and Giusti, Alessandro and Gambardella, Luca M and Schmidhuber, J{\"u}rgen},
  booktitle={Advances in neural information processing systems},
  pages={2843--2851},
  year={2012}
}

@inproceedings{ronneberger2015u,
  title={U-net: Convolutional networks for biomedical image segmentation},
  author={Ronneberger, Olaf and Fischer, Philipp and Brox, Thomas},
  booktitle={International Conference on Medical image computing and computer-assisted intervention},
  pages={234--241},
  year={2015},
  organization={Springer}
}

@inproceedings{cciccek20163d,
  title={{3D U-Net}: learning dense volumetric segmentation from sparse annotation},
  author={{\c{C}}i{\c{c}}ek, {\"O}zg{\"u}n and Abdulkadir, Ahmed and Lienkamp, Soeren S and Brox, Thomas and Ronneberger, Olaf},
  booktitle={International conference on medical image computing and computer-assisted intervention},
  pages={424--432},
  year={2016},
  organization={Springer}
}

@article{ailon2008aggregating,
  title={Aggregating inconsistent information: ranking and clustering},
  author={Ailon, Nir and Charikar, Moses and Newman, Alantha},
  journal={Journal of the ACM (JACM)},
  volume={55},
  number={5},
  pages={23},
  year={2008},
  publisher={ACM}
}

@inproceedings{finkel2008enforcing,
  title={Enforcing transitivity in coreference resolution},
  author={Finkel, Jenny Rose and Manning, Christopher D},
  booktitle={Proceedings of the 46th Annual Meeting of the Association for Computational Linguistics on Human Language Technologies: Short Papers},
  pages={45--48},
  year={2008},
  organization={Association for Computational Linguistics}
}

@inproceedings{andres2012globally,
  title={Globally optimal closed-surface segmentation for connectomics},
  author={Andres, Bjoern and Kroeger, Thorben and Briggman, Kevin L and Denk, Winfried and Korogod, Natalya and Knott, Graham and Koethe, Ullrich and Hamprecht, Fred A},
  booktitle={European Conference on Computer Vision},
  pages={778--791},
  year={2012},
  organization={Springer}
}

@article{perlin1985image,
  title={An image synthesizer},
  author={Perlin, Ken},
  journal={ACM Siggraph Computer Graphics},
  volume={19},
  number={3},
  pages={287--296},
  year={1985}
}
@article{perlin2001noise,
  title={Noise hardware},
  author={Perlin, Ken},
  journal={Real-Time Shading SIGGRAPH Course Notes},
  year={2001}
}

@article{yu2015multi,
  title={Multi-scale context aggregation by dilated convolutions},
  author={Yu, Fisher and Koltun, Vladlen},
  journal={arXiv preprint arXiv:1511.07122},
  year={2015}
}
@article{paszke2016enet,
  title={Enet: A deep neural network architecture for real-time semantic segmentation},
  author={Paszke, Adam and Chaurasia, Abhishek and Kim, Sangpil and Culurciello, Eugenio},
  journal={arXiv preprint arXiv:1606.02147},
  year={2016}
}
@inproceedings{ren2015faster,
  title={Faster r-cnn: Towards real-time object detection with region proposal networks},
  author={Ren, Shaoqing and He, Kaiming and Girshick, Ross and Sun, Jian},
  booktitle={Advances in neural information processing systems},
  pages={91--99},
  year={2015}
}
@article{kulikov2018instance,
  title={Instance Segmentation by Deep Coloring},
  author={Kulikov, Victor and Yurchenko, Victor and Lempitsky, Victor},
  journal={arXiv preprint arXiv:1807.10007},
  year={2018}
}

@inproceedings{novotny2018semi,
  title={Semi-convolutional operators for instance segmentation},
  author={Novotny, David and Albanie, Samuel and Larlus, Diane and Vedaldi, Andrea},
  booktitle={Proceedings of the European Conference on Computer Vision (ECCV)},
  pages={86--102},
  year={2018}
}
@article{kokkinos2015pushing,
  title={Pushing the boundaries of boundary detection using deep learning},
  author={Kokkinos, Iasonas},
  journal={arXiv preprint arXiv:1511.07386},
  year={2015}
}

@inproceedings{jain2007supervised,
  title={Supervised learning of image restoration with convolutional networks},
  author={Jain, Viren and Murray, Joseph F and Roth, Fabian and Turaga, Srinivas and Zhigulin, Valentin and Briggman, Kevin L and Helmstaedter, Moritz N and Denk, Winfried and Seung, H Sebastian},
  booktitle={2007 IEEE 11th International Conference on Computer Vision},
  pages={1--8},
  year={2007},
  organization={IEEE}
}

@article{meirovitch2016multi,
  title={A multi-pass approach to large-scale connectomics},
  author={Meirovitch, Yaron and Matveev, Alexander and Saribekyan, Hayk and Budden, David and Rolnick, David and Odor, Gergely and Knowles-Barley, Seymour and Jones, Thouis Raymond and Pfister, Hanspeter and Lichtman, Jeff William and others},
  journal={arXiv preprint arXiv:1612.02120},
  year={2016}
}
@article{januszewski2018high,
  title={High-precision automated reconstruction of neurons with flood-filling networks},
  author={Januszewski, Micha{\l} and Kornfeld, J{\"o}rgen and Li, Peter H and Pope, Art and Blakely, Tim and Lindsey, Larry and Maitin-Shepard, Jeremy and Tyka, Mike and Denk, Winfried and Jain, Viren},
  journal={Nature methods},
  volume={15},
  number={8},
  pages={605},
  year={2018},
  publisher={Nature Publishing Group}
}
@article{turaga2009maximin,
  title={Maximin affinity learning of image segmentation},
  author={Turaga, Srinivas C and Briggman, Kevin L and Helmstaedter, Moritz and Denk, Winfried and Seung, H Sebastian},
  booktitle={Advances in Neural Information Processing Systems},
  pages={1865--1873},
  year={2009}
}

@inproceedings{wolf2017learned,
  title={Learned watershed: End-to-end learning of seeded segmentation},
  author={Wolf, Steffen and Schott, Lukas and Kothe, Ullrich and Hamprecht, Fred},
  booktitle={Proceedings of the IEEE International Conference on Computer Vision},
  pages={2011--2019},
  year={2017}
}

@article{knowles2016rhoananet,
  title={{RhoanaNet} pipeline: Dense automatic neural annotation},
  author={Knowles-Barley, Seymour and Kaynig, Verena and Jones, Thouis Ray and Wilson, Alyssa and Morgan, Joshua and Lee, Dongil and Berger, Daniel and Kasthuri, Narayanan and Lichtman, Jeff W and Pfister, Hanspeter},
  journal={arXiv preprint arXiv:1611.06973},
  year={2016}
}

@article{salembier2000binary,
  title={Binary partition tree as an efficient representation for image processing, segmentation, and information retrieval},
  author={Salembier, Philippe and Garrido, Luis},
  journal={IEEE transactions on Image Processing},
  volume={9},
  number={4},
  pages={561--576},
  year={2000},
  publisher={IEEE}
}
@article{grotschel1990facets,
  title={Facets of the clique partitioning polytope},
  author={Gr{\"o}tschel, Martin and Wakabayashi, Yoshiko},
  journal={Mathematical Programming},
  volume={47},
  number={1-3},
  pages={367--387},
  year={1990},
  publisher={Springer}
}

@article{chopra1993partition,
  title={The partition problem},
  author={Chopra, Sunil and Rao, Mendu R},
  journal={Mathematical Programming},
  volume={59},
  number={1-3},
  pages={87--115},
  year={1993},
  publisher={Springer}
}

@article{grotschel1989cutting,
  title={A cutting plane algorithm for a clustering problem},
  author={Gr{\"o}tschel, Martin and Wakabayashi, Yoshiko},
  journal={Mathematical Programming},
  volume={45},
  number={1-3},
  pages={59--96},
  year={1989},
  publisher={Springer}
}

@article{bansal2004correlation,
  title={Correlation clustering},
  author={Bansal, Nikhil and Blum, Avrim and Chawla, Shuchi},
  journal={Machine learning},
  volume={56},
  number={1-3},
  pages={89--113},
  year={2004},
  publisher={Springer}
}

@article{demaine2006correlation,
  title={Correlation clustering in general weighted graphs},
  author={Demaine, Erik D and Emanuel, Dotan and Fiat, Amos and Immorlica, Nicole},
  journal={Theoretical Computer Science},
  volume={361},
  number={2-3},
  pages={172--187},
  year={2006},
  publisher={Elsevier}
}

@inproceedings{beier2016efficient,
  title={An efficient fusion move algorithm for the minimum cost lifted multicut problem},
  author={Beier, Thorsten and Andres, Bj{\"o}rn and K{\"o}the, Ullrich and Hamprecht, Fred A},
  booktitle={European Conference on Computer Vision},
  pages={715--730},
  year={2016},
  organization={Springer}
}

@inproceedings{keuper2015efficient,
  title={Efficient decomposition of image and mesh graphs by lifted multicuts},
  author={Keuper, Margret and Levinkov, Evgeny and Bonneel, Nicolas and Lavou{\'e}, Guillaume and Brox, Thomas and Andres, Bjorn},
  booktitle={Proceedings of the IEEE International Conference on Computer Vision},
  pages={1751--1759},
  year={2015}
}

@inproceedings{lange2018combinatorial,
  title={Combinatorial persistency criteria for multicut and max-cut},
  author={Lange, Jan-Hendrik and Andres, Bjoern and Swoboda, Paul},
  booktitle={Proceedings of the IEEE Conference on Computer Vision and Pattern Recognition},
  pages={6093--6102},
  year={2019}
}

@inproceedings{lange2018partial,
  title={Partial optimality and fast lower bounds for weighted correlation clustering},
  author={Lange, Jan-Hendrik and Karrenbauer, Andreas and Andres, Bjoern},
  booktitle={International Conference on Machine Learning},
  pages={2898--2907},
  year={2018}
}
@inproceedings{schmidt2018cell,
  title={Cell Detection with Star-convex Polygons},
  author={Schmidt, Uwe and Weigert, Martin and Broaddus, Coleman and Myers, Gene},
  booktitle={International Conference on Medical Image Computing and Computer-Assisted Intervention},
  pages={265--273},
  year={2018},
  organization={Springer}
}

@article{saalfeld2012elastic,
  title={Elastic volume reconstruction from series of ultra-thin microscopy sections},
  author={Saalfeld, Stephan and Fetter, Richard and Cardona, Albert and Tomancak, Pavel},
  journal={Nature methods},
  volume={9},
  number={7},
  pages={717},
  year={2012},
  publisher={Nature Publishing Group}
}

@article{zeng2017deepem3d,
  title={{DeepEM3D}: approaching human-level performance on {3D} anisotropic {EM} image segmentation},
  author={Zeng, Tao and Wu, Bian and Ji, Shuiwang},
  journal={Bioinformatics},
  volume={33},
  number={16},
  pages={2555--2562},
  year={2017},
  publisher={Oxford University Press}
}

@article{parag2017anisotropic,
  title={Anisotropic {EM} segmentation by {3D} affinity learning and agglomeration},
  author={Parag, Toufiq and Tschopp, Fabian and Grisaitis, William and Turaga, Srinivas C and Zhang, Xuewen and Matejek, Brian and Kamentsky, Lee and Lichtman, Jeff W and Pfister, Hanspeter},
  journal={arXiv preprint arXiv:1707.08935},
  year={2017}
}


@article{kernighan1970efficient,
  title={An efficient heuristic procedure for partitioning graphs},
  author={Kernighan, Brian W and Lin, Shen},
  journal={Bell system technical journal},
  volume={49},
  number={2},
  pages={291--307},
  year={1970},
  publisher={Wiley Online Library}
}

@article{dice1945measures,
  title={Measures of the amount of ecologic association between species},
  author={Dice, Lee R},
  journal={Ecology},
  volume={26},
  number={3},
  pages={297--302},
  year={1945},
  publisher={Wiley Online Library}
}

@article{sorensen1948method,
  title={A method of establishing groups of equal amplitude in plant sociology based on similarity of species and its application to analyses of the vegetation on Danish commons},
  author={S{\o}rensen, Thorvald},
  journal={Biol. Skr.},
  volume={5},
  pages={1--34},
  year={1948}
}
@article{wolf2019mutex,
  title={The Mutex Watershed and its Objective: Efficient, Parameter-Free Image Partitioning},
  author={Wolf, Steffen and Bailoni, Alberto and Pape, Constantin and Rahaman, Nasim and Kreshuk, Anna and K{\"o}the, Ullrich and Hamprecht, Fred A~},
  journal={arXiv preprint arXiv:1904.12654},
  year={2019}
}
@inproceedings{arnab2017pixelwise,
  title={Pixelwise instance segmentation with a dynamically instantiated network},
  author={Arnab, Anurag and Torr, Philip HS},
  booktitle={Proceedings of the IEEE Conference on Computer Vision and Pattern Recognition},
  pages={441--450},
  year={2017}
}

@inproceedings{liu2018path,
  title={Path aggregation network for instance segmentation},
  author={Liu, Shu and Qi, Lu and Qin, Haifang and Shi, Jianping and Jia, Jiaya},
  booktitle={Proceedings of the IEEE Conference on Computer Vision and Pattern Recognition},
  pages={8759--8768},
  year={2018}
}

@inproceedings{neven2019instance,
  title={Instance segmentation by jointly optimizing spatial embeddings and clustering bandwidth},
  author={Neven, Davy and Brabandere, Bert De and Proesmans, Marc and Gool, Luc Van},
  booktitle={Proceedings of the IEEE Conference on Computer Vision and Pattern Recognition},
  pages={8837--8845},
  year={2019}
}

@article{cheng2019panopticdeeplab,
    title={Panoptic-{DeepLab}},
    author={Bowen Cheng and Maxwell D. Collins and Yukun Zhu and Ting Liu and Thomas S. Huang and Hartwig Adam and Liang-Chieh Chen},
    year={2019},
    eprint={1910.04751},
    archivePrefix={arXiv},
    primaryClass={cs.CV},
    journal={arXiv preprint arXiv:1910.04751},
}

@inproceedings{xiong2019upsnet,
  title={Upsnet: A unified panoptic segmentation network},
  author={Xiong, Yuwen and Liao, Renjie and Zhao, Hengshuang and Hu, Rui and Bai, Min and Yumer, Ersin and Urtasun, Raquel},
  booktitle={Proceedings of the IEEE Conference on Computer Vision and Pattern Recognition},
  pages={8818--8826},
  year={2019}
}

@InProceedings{Gao_2019_ICCV,
author = {Gao, Naiyu and Shan, Yanhu and Wang, Yupei and Zhao, Xin and Yu, Yinan and Yang, Ming and Huang, Kaiqi},
title = {{SSAP}: Single-Shot Instance Segmentation With Affinity Pyramid},
booktitle = {The IEEE International Conference on Computer Vision (ICCV)},
month = {October},
year = {2019}
}

@inproceedings{porzi2019seamless,
  title={Seamless scene segmentation},
  author={Porzi, Lorenzo and Bulo, Samuel Rota and Colovic, Aleksander and Kontschieder, Peter},
  booktitle={Proceedings of the IEEE Conference on Computer Vision and Pattern Recognition},
  pages={8277--8286},
  year={2019}
}

@inproceedings{sofiiuk2019adaptis,
  title={{AdaptIS}: Adaptive Instance Selection Network},
  author={Sofiiuk, Konstantin and Barinova, Olga and Konushin, Anton},
  booktitle={Proceedings of the IEEE International Conference on Computer Vision},
  pages={7355--7363},
  year={2019}
}

@article{li2018learning,
  title={Learning to fuse things and stuff},
  author={Li, Jie and Raventos, Allan and Bhargava, Arjun and Tagawa, Takaaki and Gaidon, Adrien},
  journal={arXiv preprint arXiv:1812.01192},
  year={2018}
}


@inproceedings{Cucuringu2019SPONGEAG,
  title={{SPONGE}: A generalized eigenproblem for clustering signed networks},
  author={Mihai Cucuringu and Peter Davies and Aldo Glielmo and Hemant Tyagi},
  booktitle={AISTATS},
  year={2019}
}

@inproceedings{chiang2012scalable,
  title={Scalable clustering of signed networks using balance normalized cut},
  author={Chiang, Kai-Yang and Whang, Joyce Jiyoung and Dhillon, Inderjit S},
  booktitle={Proceedings of the 21st ACM international conference on Information and knowledge management},
  pages={615--624},
  year={2012},
  organization={ACM}
}

@inproceedings{kunegis2010spectral,
  title={Spectral analysis of signed graphs for clustering, prediction and visualization},
  author={Kunegis, J{\'e}r{\^o}me and Schmidt, Stephan and Lommatzsch, Andreas and Lerner, J{\"u}rgen and De Luca, Ernesto W and Albayrak, Sahin},
  year={2010},
  organization={SIAM}
}

@article{lee2019learning,
  title={Learning Dense Voxel Embeddings for {3D} Neuron Reconstruction},
  author={Lee, Kisuk and Lu, Ran and Luther, Kyle and Seung, H Sebastian},
  journal={arXiv preprint arXiv:1909.09872},
  year={2019}
}

@inproceedings{rangapuram2012constrained,
  title={Constrained 1-Spectral Clustering.},
  author={Rangapuram, Syama Sundar and Hein, Matthias},
  booktitle={AISTATS},
  volume={30},
  pages={90},
  year={2012}
}

@article{wang2014constrained,
  title={On constrained spectral clustering and its applications},
  author={Wang, Xiang and Qian, Buyue and Davidson, Ian},
  journal={Data Mining and Knowledge Discovery},
  volume={28},
  number={1},
  pages={1--30},
  year={2014},
  publisher={Springer}
}

@inproceedings{cucuringu2016simple,
  title={Simple and scalable constrained clustering: a generalized spectral method},
  author={Cucuringu, Mihai and Koutis, Ioannis and Chawla, Sanjay and Miller, Gary and Peng, Richard},
  booktitle={Artificial Intelligence and Statistics},
  pages={445--454},
  year={2016}
}

@inproceedings{meirovitch2019cross,
  title={Cross-Classification Clustering: An Efficient Multi-Object Tracking Technique for {3-D} Instance Segmentation in Connectomics},
  author={Meirovitch, Yaron and Mi, Lu and Saribekyan, Hayk and Matveev, Alexander and Rolnick, David and Shavit, Nir},
  booktitle={Proceedings of the IEEE Conference on Computer Vision and Pattern Recognition},
  pages={8425--8435},
  year={2019}
}



### LSI Masks:

@inproceedings{hirsch2020patchperpix,
author="Mais, Lisa
and Hirsch, Peter
and Kainmueller, Dagmar",
title="PatchPerPix for Instance Segmentation",
booktitle={Proceedings of the European Conference on Computer Vision},
year="2020",
publisher="Springer International Publishing",
pages="288--304",
}

@article{rezende2014stochastic,
  title={Stochastic backpropagation and approximate inference in deep generative models},
  author={Rezende, Danilo Jimenez and Mohamed, Shakir and Wierstra, Daan},
  journal={arXiv preprint arXiv:1401.4082},
  year={2014}
}

@article{kingma2013auto,
  title={Auto-encoding variational bayes},
  author={Kingma, Diederik P and Welling, Max},
  journal={arXiv preprint arXiv:1312.6114},
  year={2013}
}

@inproceedings{liu2016multi,
  title={Multi-scale patch aggregation ({MPA}) for simultaneous detection and segmentation},
  author={Liu, Shu and Qi, Xiaojuan and Shi, Jianping and Zhang, Hong and Jia, Jiaya},
  booktitle={Proceedings of the IEEE Conference on Computer Vision and Pattern Recognition},
  pages={3141--3149},
  year={2016}
}

@article{bailoni2019generalized,
  title={A Generalized Framework for Agglomerative Clustering of Signed Graphs applied to Instance Segmentation},
  author={Bailoni, Alberto and Pape, Constantin and Wolf, Steffen and Beier, Thorsten and Kreshuk, Anna and Hamprecht, Fred A},
  journal={arXiv preprint arXiv:1906.11713},
  year={2019}
}

@inproceedings{cciccek20163d,
  title={{3D} {U-Net}: learning dense volumetric segmentation from sparse annotation},
  author={{\c{C}}i{\c{c}}ek, {\"O}zg{\"u}n and Abdulkadir, Ahmed and Lienkamp, Soeren S and Brox, Thomas and Ronneberger, Olaf},
  booktitle={International conference on medical image computing and computer-assisted intervention},
  pages={424--432},
  year={2016},
  organization={Springer}
}
@inproceedings{lin2017feature,
  title={Feature pyramid networks for object detection},
  author={Lin, Tsung-Yi and Doll{\'a}r, Piotr and Girshick, Ross and He, Kaiming and Hariharan, Bharath and Belongie, Serge},
  booktitle={Proceedings of the IEEE conference on computer vision and pattern recognition},
  pages={2117--2125},
  year={2017}
}

@inproceedings{liu2018affinity,
  title={Affinity derivation and graph merge for instance segmentation},
  author={Liu, Yiding and Yang, Siyu and Li, Bin and Zhou, Wengang and Xu, Jizheng and Li, Houqiang and Lu, Yan},
  booktitle={Proceedings of the European Conference on Computer Vision (ECCV)},
  pages={686--703},
  year={2018}
}

@inproceedings{beier2014cut,
  title={Cut, glue \& cut: A fast, approximate solver for multicut partitioning},
  author={Beier, Thorsten and Kroeger, Thorben and Kappes, Jorg H and Kothe, Ullrich and Hamprecht, Fred A},
  booktitle={Proceedings of the IEEE Conference on Computer Vision and Pattern Recognition},
  pages={73--80},
  year={2014}
}

@incollection{NEURIPS2019_9015,
title = {PyTorch: An Imperative Style, High-Performance Deep Learning Library},
author = {Paszke, Adam and Gross, Sam and Massa, Francisco and Lerer, Adam and Bradbury, James and Chanan, Gregory and Killeen, Trevor and Lin, Zeming and Gimelshein, Natalia and Antiga, Luca and Desmaison, Alban and Kopf, Andreas and Yang, Edward and DeVito, Zachary and Raison, Martin and Tejani, Alykhan and Chilamkurthy, Sasank and Steiner, Benoit and Fang, Lu and Bai, Junjie and Chintala, Soumith},
booktitle = {Advances in Neural Information Processing Systems 32},
editor = {H. Wallach and H. Larochelle and A. Beygelzimer and F. d\textquotesingle Alch\'{e}-Buc and E. Fox and R. Garnett},
pages = {8024--8035},
year = {2019},
publisher = {Curran Associates, Inc.},
url = {http://papers.neurips.cc/paper/9015-pytorch-an-imperative-style-high-performance-deep-learning-library.pdf}
}

@article{welford1962note,
  title={Note on a method for calculating corrected sums of squares and products},
  author={Welford, BP},
  journal={Technometrics},
  volume={4},
  number={3},
  pages={419--420},
  year={1962},
  publisher={Taylor \& Francis Group}
}

## PASTED FROM AGGLO-CLUST

@inproceedings{xie2015holistically,
  title={Holistically-nested edge detection},
  author={Xie, Saining and Tu, Zhuowen},
  booktitle={Proc. ICCV'15},
  pages={1395--1403},
  year={2015}
}

@article{maninis2018convolutional,
  title={Convolutional oriented boundaries: From image segmentation to high-level tasks},
  author={Maninis, Kevis-Kokitsi and Pont-Tuset, Jordi and Arbel{\'a}ez, Pablo and Van Gool, Luc},
  journal={IEEE transactions on pattern analysis and machine intelligence},
  volume={40},
  number={4},
  pages={819--833},
  year={2018},
  publisher={IEEE}
}

@inproceedings{long2015fully,
  title={Fully convolutional networks for semantic segmentation},
  author={Long, Jonathan and Shelhamer, Evan and Darrell, Trevor},
  booktitle={Proceedings of the IEEE conference on computer vision and pattern recognition},
  pages={3431--3440},
  year={2015}
}

@article{chen2018deeplab,
  title={Deeplab: Semantic image segmentation with deep convolutional nets, atrous convolution, and fully connected crfs},
  author={Chen, Liang-Chieh and Papandreou, George and Kokkinos, Iasonas and Murphy, Kevin and Yuille, Alan L},
  journal={IEEE transactions on pattern analysis and machine intelligence},
  volume={40},
  number={4},
  pages={834--848},
  year={2018},
  publisher={IEEE}
}

@inproceedings{kong2018recurrent,
  title={Recurrent scene parsing with perspective understanding in the loop},
  author={Kong, Shu and Fowlkes, Charless C},
  booktitle={Proceedings of the IEEE Conference on Computer Vision and Pattern Recognition},
  pages={956--965},
  year={2018}
}

@inproceedings{weinzaepfel2013deepflow,
  title={DeepFlow: Large displacement optical flow with deep matching},
  author={Weinzaepfel, Philippe and Revaud, Jerome and Harchaoui, Zaid and Schmid, Cordelia},
  booktitle={Proceedings of the IEEE International Conference on Computer Vision},
  pages={1385--1392},
  year={2013}
}

@inproceedings{dosovitskiy2015flownet,
  title={Flownet: Learning optical flow with convolutional networks},
  author={Dosovitskiy, Alexey and Fischer, Philipp and Ilg, Eddy and Hausser, Philip and Hazirbas, Caner and Golkov, Vladimir and Van Der Smagt, Patrick and Cremers, Daniel and Brox, Thomas},
  booktitle={Proceedings of the IEEE international conference on computer vision},
  pages={2758--2766},
  year={2015}
}

@inproceedings{cao2017realtime,
  title={Realtime multi-person 2d pose estimation using part affinity fields},
  author={Cao, Zhe and Simon, Tomas and Wei, Shih-En and Sheikh, Yaser},
  booktitle={Proceedings of the IEEE Conference on Computer Vision and Pattern Recognition},
  pages={7291--7299},
  year={2017}
}

@inproceedings{wei2016convolutional,
  title={Convolutional pose machines},
  author={Wei, Shih-En and Ramakrishna, Varun and Kanade, Takeo and Sheikh, Yaser},
  booktitle={Proceedings of the IEEE Conference on Computer Vision and Pattern Recognition},
  pages={4724--4732},
  year={2016}
}

@article{liang2018proposal,
  title={Proposal-free network for instance-level object segmentation},
  author={Liang, Xiaodan and Lin, Liang and Wei, Yunchao and Shen, Xiaohui and Yang, Jianchao and Yan, Shuicheng},
  journal={IEEE transactions on pattern analysis and machine intelligence},
  volume={40},
  number={12},
  pages={2978--2991},
  year={2018},
  publisher={IEEE}
}

@inproceedings{dai2015convolutional,
  title={Convolutional feature masking for joint object and stuff segmentation},
  author={Dai, Jifeng and He, Kaiming and Sun, Jian},
  booktitle={Proceedings of the IEEE Conference on Computer Vision and Pattern Recognition},
  pages={3992--4000},
  year={2015}
}

@inproceedings{li2017fully,
  title={Fully convolutional instance-aware semantic segmentation},
  author={Li, Yi and Qi, Haozhi and Dai, Jifeng and Ji, Xiangyang and Wei, Yichen},
  booktitle={Proceedings of the IEEE Conference on Computer Vision and Pattern Recognition},
  pages={2359--2367},
  year={2017}
}

@inproceedings{liang2016reversible,
  title={Reversible recursive instance-level object segmentation},
  author={Liang, Xiaodan and Wei, Yunchao and Shen, Xiaohui and Jie, Zequn and Feng, Jiashi and Lin, Liang and Yan, Shuicheng},
  booktitle={Proceedings of the IEEE Conference on Computer Vision and Pattern Recognition},
  pages={633--641},
  year={2016}
}

@inproceedings{arnab2017pixelwise,
  title={Pixelwise instance segmentation with a dynamically instantiated network},
  author={Arnab, Anurag and Torr, Philip HS},
  booktitle={Proceedings of the IEEE Conference on Computer Vision and Pattern Recognition},
  pages={441--450},
  year={2017}
}

@inproceedings{hariharan2014simultaneous,
  title={Simultaneous detection and segmentation},
  author={Hariharan, Bharath and Arbel{\'a}ez, Pablo and Girshick, Ross and Malik, Jitendra},
  booktitle={European Conference on Computer Vision},
  pages={297--312},
  year={2014},
  organization={Springer}
}

@inproceedings{chen2015multi,
  title={Multi-instance object segmentation with occlusion handling},
  author={Chen, Yi-Ting and Liu, Xiaokai and Yang, Ming-Hsuan},
  booktitle={Proceedings of the IEEE Conference on Computer Vision and Pattern Recognition},
  pages={3470--3478},
  year={2015}
}

@inproceedings{hariharan2015hypercolumns,
  title={Hypercolumns for object segmentation and fine-grained localization},
  author={Hariharan, Bharath and Arbel{\'a}ez, Pablo and Girshick, Ross and Malik, Jitendra},
  booktitle={Proceedings of the IEEE conference on computer vision and pattern recognition},
  pages={447--456},
  year={2015}
}

@inproceedings{dai2016instance,
  title={Instance-aware semantic segmentation via multi-task network cascades},
  author={Dai, Jifeng and He, Kaiming and Sun, Jian},
  booktitle={Proceedings of the IEEE Conference on Computer Vision and Pattern Recognition},
  pages={3150--3158},
  year={2016}
}

@inproceedings{uhrig2016pixel,
  title={Pixel-level encoding and depth layering for instance-level semantic labeling},
  author={Uhrig, Jonas and Cordts, Marius and Franke, Uwe and Brox, Thomas},
  booktitle={German Conference on Pattern Recognition},
  pages={14--25},
  year={2016},
  organization={Springer}
}

@inproceedings{he2017mask,
  title={Mask r-cnn},
  author={He, Kaiming and Gkioxari, Georgia and Doll{\'a}r, Piotr and Girshick, Ross},
  booktitle={Proceedings of the IEEE international conference on computer vision},
  pages={2961--2969},
  year={2017}
}

@article{yang2012layered,
  title={Layered object models for image segmentation},
  author={Yang, Yi and Hallman, Sam and Ramanan, Deva and Fowlkes, Charless C},
  journal={IEEE Transactions on Pattern Analysis and Machine Intelligence},
  volume={34},
  number={9},
  pages={1731--1743},
  year={2012},
  publisher={IEEE}
}

@inproceedings{ladicky2010and,
  title={What, where and how many? Combining object detectors and {CRFS}},
  author={Ladick{\`y}, L'ubor and Sturgess, Paul and Alahari, Karteek and Russell, Chris and Torr, Philip HS},
  booktitle={European conference on computer vision},
  pages={424--437},
  year={2010},
  organization={Springer}
}

@inproceedings{pinheiro2015learning,
  title={Learning to segment object candidates},
  author={Pinheiro, Pedro O and Collobert, Ronan and Doll{\'a}r, Piotr},
  booktitle={Advances in Neural Information Processing Systems},
  pages={1990--1998},
  year={2015}
}

@inproceedings{pinheiro2016learning,
  title={Learning to refine object segments},
  author={Pinheiro, Pedro O and Lin, Tsung-Yi and Collobert, Ronan and Doll{\'a}r, Piotr},
  booktitle={European Conference on Computer Vision},
  pages={75--91},
  year={2016},
  organization={Springer}
}

@inproceedings{hu2017fastmask,
  title={Fastmask: Segment multi-scale object candidates in one shot},
  author={Hu, Hexiang and Lan, Shiyi and Jiang, Yuning and Cao, Zhimin and Sha, Fei},
  booktitle={Proceedings of the IEEE Conference on Computer Vision and Pattern Recognition},
  pages={991--999},
  year={2017}
}

@inproceedings{kirillov2017instancecut,
  title={Instancecut: from edges to instances with multicut},
  author={Kirillov, Alexander and Levinkov, Evgeny and Andres, Bjoern and Savchynskyy, Bogdan and Rother, Carsten},
  booktitle={Proceedings of the IEEE Conference on Computer Vision and Pattern Recognition},
  pages={5008--5017},
  year={2017}
}

@inproceedings{romera2016recurrent,
  title={Recurrent instance segmentation},
  author={Romera-Paredes, Bernardino and Torr, Philip Hilaire Sean},
  booktitle={European conference on computer vision},
  pages={312--329},
  year={2016},
  organization={Springer}
}

@inproceedings{ren2017end,
  title={End-to-end instance segmentation with recurrent attention},
  author={Ren, Mengye and Zemel, Richard S},
  booktitle={Proceedings of the IEEE Conference on Computer Vision and Pattern Recognition},
  pages={6656--6664},
  year={2017}
}

@article{fathi2017semantic,
  title={Semantic instance segmentation via deep metric learning},
  author={Fathi, Alireza and Wojna, Zbigniew and Rathod, Vivek and Wang, Peng and Song, Hyun Oh and Guadarrama, Sergio and Murphy, Kevin P},
  journal={arXiv preprint arXiv:1703.10277},
  year={2017}
}

@inproceedings{newell2017associative,
  title={Associative embedding: End-to-end learning for joint detection and grouping},
  author={Newell, Alejandro and Huang, Zhiao and Deng, Jia},
  booktitle={Advances in Neural Information Processing Systems},
  pages={2277--2287},
  year={2017}
}

@inproceedings{sironi2014multiscale,
  title={Multiscale centerline detection by learning a scale-space distance transform},
  author={Sironi, Amos and Lepetit, Vincent and Fua, Pascal},
  booktitle={Proceedings of the IEEE Conference on Computer Vision and Pattern Recognition},
  pages={2697--2704},
  year={2014}
}

@inproceedings{bai2017deep,
  title={Deep watershed transform for instance segmentation},
  author={Bai, Min and Urtasun, Raquel},
  booktitle={Proceedings of the IEEE Conference on Computer Vision and Pattern Recognition},
  pages={5221--5229},
  year={2017}
}


@InProceedings{Maire_2016_CVPR,
author = {Maire, Michael and Narihira, Takuya and Yu, Stella X.},
title = {Affinity CNN: Learning Pixel-Centric Pairwise Relations for Figure/Ground Embedding},
booktitle = {The IEEE Conference on Computer Vision and Pattern Recognition (CVPR)},
month = {June},
year = {2016}
}

@article{shi2000normalized,
  title={Normalized cuts and image segmentation},
  author={Shi, Jianbo and Malik, Jitendra},
  journal={Departmental Papers (CIS)},
  pages={107},
  year={2000}
}

@inproceedings{kong2018recurrentPix,
  title={Recurrent pixel embedding for instance grouping},
  author={Kong, Shu and Fowlkes, Charless C},
  booktitle={Proceedings of the IEEE Conference on Computer Vision and Pattern Recognition},
  pages={9018--9028},
  year={2018}
}

@article{de2017semantic,
  title={Semantic instance segmentation with a discriminative loss function},
  author={De Brabandere, Bert and Neven, Davy and Van Gool, Luc},
  journal={arXiv preprint arXiv:1708.02551},
  year={2017}
}


@inproceedings{wolf2018mutex,
  title={The mutex watershed: Efficient, parameter-free image partitioning},
  author={Wolf, Steffen and Pape, Constantin and Bailoni, Alberto and Rahaman, Nasim and Kreshuk, Anna and Kothe, Ullrich and Hamprecht, FredA},
  booktitle={Proceedings of the European Conference on Computer Vision (ECCV)},
  pages={546--562},
  year={2018}
}


@article{lee2017superhuman,
  title={Superhuman accuracy on the {SNEMI3D} connectomics challenge},
  author={Lee, Kisuk and Zung, Jonathan and Li, Peter and Jain, Viren and Seung, H Sebastian},
  journal={arXiv preprint arXiv:1706.00120},
  year={2017}
}

@inproceedings{malmberg2011generalized,
  title={Generalized hard constraints for graph segmentation},
  author={Malmberg, Filip and Strand, Robin and Nystr{\"o}m, Ingela},
  booktitle={Scandinavian Conference on Image Analysis},
  pages={36--47},
  year={2011},
  organization={Springer}
}

@inproceedings{levinkov2017comparative,
  title={A comparative study of local search algorithms for correlation clustering},
  author={Levinkov, Evgeny and Kirillov, Alexander and Andres, Bjoern},
  booktitle={German Conference on Pattern Recognition},
  pages={103--114},
  year={2017},
  organization={Springer}
}

@article{felzenszwalb2004efficient,
  title={Efficient graph-based image segmentation},
  author={Felzenszwalb, Pedro F and Huttenlocher, Daniel P},
  journal={International journal of computer vision},
  volume={59},
  number={2},
  pages={167--181},
  year={2004},
  publisher={Springer}
}


@article{jin2016object,
  title={Object detection free instance segmentation with labeling transformations},
  author={Jin, Long and Chen, Zeyu and Tu, Zhuowen},
  journal={arXiv preprint arXiv:1611.08991},
  year={2016}
}

@inproceedings{de2017semantic,
  title={Semantic instance segmentation for autonomous driving},
  author={De Brabandere, Bert and Neven, Davy and Van Gool, Luc},
  booktitle={Proceedings of the IEEE Conference on Computer Vision and Pattern Recognition Workshops},
  pages={7--9},
  year={2017}
}

@inproceedings{liu2017sgn,
  title={Sgn: Sequential grouping networks for instance segmentation},
  author={Liu, Shu and Jia, Jiaya and Fidler, Sanja and Urtasun, Raquel},
  booktitle={Proceedings of the IEEE International Conference on Computer Vision},
  pages={3496--3504},
  year={2017}
}

@inproceedings{arbelaez2006boundary,
  title={Boundary extraction in natural images using ultrametric contour maps},
  author={Arbelaez, Pablo},
  booktitle={null},
  pages={182},
  year={2006},
  organization={IEEE}
}

@article{arbelaez2011contour,
  title={Contour detection and hierarchical image segmentation},
  author={Arbelaez, Pablo and Maire, Michael and Fowlkes, Charless and Malik, Jitendra},
  journal={IEEE transactions on pattern analysis and machine intelligence},
  volume={33},
  number={5},
  pages={898--916},
  year={2011},
  publisher={IEEE}
}

@article{kiran2014global,
  title={Global--local optimizations by hierarchical cuts and climbing energies},
  author={Kiran, B Ravi and Serra, Jean},
  journal={Pattern Recognition},
  volume={47},
  number={1},
  pages={12--24},
  year={2014},
  publisher={Elsevier}
}

@inproceedings{campello2013density,
  title={Density-based clustering based on hierarchical density estimates},
  author={Campello, Ricardo JGB and Moulavi, Davoud and Sander, J{\"o}rg},
  booktitle={Pacific-Asia conference on knowledge discovery and data mining},
  pages={160--172},
  year={2013},
  organization={Springer}
}

@inproceedings{ren2013image,
  title={Image segmentation by cascaded region agglomeration},
  author={Ren, Zhile and Shakhnarovich, Gregory},
  booktitle={Proceedings of the IEEE Conference on Computer Vision and Pattern Recognition},
  pages={2011--2018},
  year={2013}
}

@inproceedings{arbelaez2014multiscale,
  title={Multiscale combinatorial grouping},
  author={Arbel{\'a}ez, Pablo and Pont-Tuset, Jordi and Barron, Jonathan T and Marques, Ferran and Malik, Jitendra},
  booktitle={Proceedings of the IEEE conference on computer vision and pattern recognition},
  pages={328--335},
  year={2014}
}

@article{liu2016image,
  title={Image segmentation using hierarchical merge tree},
  author={Liu, Ting and Seyedhosseini, Mojtaba and Tasdizen, Tolga},
  journal={IEEE transactions on image processing},
  volume={25},
  number={10},
  pages={4596--4607},
  year={2016},
  publisher={IEEE}
}

@article{nunez2013machine,
  title={Machine learning of hierarchical clustering to segment {2D} and {3D} images},
  author={Nunez-Iglesias, Juan and Kennedy, Ryan and Parag, Toufiq and Shi, Jianbo and Chklovskii, Dmitri B},
  journal={PloS one},
  volume={8},
  number={8},
  pages={e71715},
  year={2013},
  publisher={Public Library of Science}
}

@article{kaynig2015large,
  title={Large-scale automatic reconstruction of neuronal processes from electron microscopy images},
  author={Kaynig, Verena and Vazquez-Reina, Amelio and Knowles-Barley, Seymour and Roberts, Mike and Jones, Thouis R and Kasthuri, Narayanan and Miller, Eric and Lichtman, Jeff and Pfister, Hanspeter},
  journal={Medical image analysis},
  volume={22},
  number={1},
  pages={77--88},
  year={2015},
  publisher={Elsevier}
}

@inproceedings{krasowski2015improving,
  title={Improving {3D} {EM} data segmentation by joint optimization over boundary evidence and biological priors},
  author={Krasowski, Nikola and Beier, Thorsten and Knott, Graham W and Koethe, Ullrich and Hamprecht, Fred A and Kreshuk, Anna},
  booktitle={2015 IEEE 12th International Symposium on Biomedical Imaging (ISBI)},
  pages={536--539},
  year={2015},
  organization={IEEE}
}

@article{liu2014modular,
  title={A modular hierarchical approach to {3D} electron microscopy image segmentation},
  author={Liu, Ting and Jones, Cory and Seyedhosseini, Mojtaba and Tasdizen, Tolga},
  journal={Journal of neuroscience methods},
  volume={226},
  pages={88--102},
  year={2014},
  publisher={Elsevier}
}


@inproceedings{funke2015learning,
  title={Learning to segment: training hierarchical segmentation under a topological loss},
  author={Funke, Jan and Hamprecht, Fred A and Zhang, Chong},
  booktitle={International Conference on Medical Image Computing and Computer-Assisted Intervention},
  pages={268--275},
  year={2015},
  organization={Springer}
}

@article{uzunbas2016efficient,
  title={An efficient conditional random field approach for automatic and interactive neuron segmentation},
  author={Uzunbas, Mustafa Gokhan and Chen, Chao and Metaxas, Dimitris},
  journal={Medical image analysis},
  volume={27},
  pages={31--44},
  year={2016},
  publisher={Elsevier}
}


@inproceedings{liu2016sshmt,
  title={{SSHMT}: Semi-supervised hierarchical merge tree for electron microscopy image segmentation},
  author={Liu, Ting and Zhang, Miaomiao and Javanmardi, Mehran and Ramesh, Nisha and Tasdizen, Tolga},
  booktitle={European Conference on Computer Vision},
  pages={144--159},
  year={2016},
  organization={Springer}
}

@article{funke2018large,
  title={Large scale image segmentation with structured loss based deep learning for connectome reconstruction},
  author={Funke, Jan and Tschopp, Fabian David and Grisaitis, William and Sheridan, Arlo and Singh, Chandan and Saalfeld, Stephan and Turaga, Srinivas C},
  journal={IEEE transactions on pattern analysis and machine intelligence},
  year={2018},
  publisher={IEEE}
}


@inproceedings{funke2018candidate,
  title={The Candidate multi-cut for cell segmentation},
  author={Funke, Jan and Zhang, Chong and Pietzsch, Tobias and Ballester, Miguel A Gonzalez and Saalfeld, Stephan},
  booktitle={2018 IEEE 15th International Symposium on Biomedical Imaging (ISBI 2018)},
  pages={649--653},
  year={2018},
  organization={IEEE}
}

@article{beier2017multicut,
  title={Multicut brings automated neurite segmentation closer to human performance},
  author={Beier, Thorsten and Pape, Constantin and Rahaman, Nasim and Prange, Timo and Berg, Stuart and Bock, Davi D and Cardona, Albert and Knott, Graham W and Plaza, Stephen M and Scheffer, Louis K and others},
  journal={Nature Methods},
  volume={14},
  number={2},
  pages={101},
  year={2017},
  publisher={Nature Publishing Group}
}

@article{guigues2003hierarchy,
  title={The hierarchy of the cocoons of a graph and its application to image segmentation},
  author={Guigues, Laurent and Le Men, Herv{\'e} and Cocquerez, Jean-Pierre},
  journal={Pattern Recognition Letters},
  volume={24},
  number={8},
  pages={1059--1066},
  year={2003},
  publisher={Elsevier}
}

@article{lance1967general,
  title={A general theory of classificatory sorting strategies: 1. {Hierarchical} systems},
  author={Lance, Godfrey N and Williams, William Thomas},
  journal={The computer journal},
  volume={9},
  number={4},
  pages={373--380},
  year={1967},
  publisher={The British Computer Society}
}

@inproceedings{kardoostsolving,
title = {Solving Minimum Cost Lifted Multicut Problems by Node Agglomeration},
author = {Kardoost, Amirhossein and Keuper, Margret},
language = {eng},
year = {2018},
publremark = {Accepted},
MARGINALMARK = {$\bullet$},
BOOKTITLE = {ACCV 2018, 14th Asian Conference on Computer Vision},
ADDRESS = {Perth, Australia},
}

@article{mullner2011modern,
  title={Modern hierarchical, agglomerative clustering algorithms},
  author={M{\"u}llner, Daniel},
  journal={arXiv preprint arXiv:1109.2378},
  year={2011}
}

@inproceedings{lin2014microsoft,
  title={Microsoft coco: Common objects in context},
  author={Lin, Tsung-Yi and Maire, Michael and Belongie, Serge and Hays, James and Perona, Pietro and Ramanan, Deva and Doll{\'a}r, Piotr and Zitnick, C Lawrence},
  booktitle={European conference on computer vision},
  pages={740--755},
  year={2014},
  organization={Springer}
}

@article{everingham2010pascal,
  title={The {Pascal Visual Object Classes (VOC)} challenge},
  author={Everingham, Mark and Van Gool, Luc and Williams, Christopher KI and Winn, John and Zisserman, Andrew},
  journal={International journal of computer vision},
  volume={88},
  number={2},
  pages={303--338},
  year={2010},
  publisher={Springer}
}

@inproceedings{cordts2016cityscapes,
  title={The cityscapes dataset for semantic urban scene understanding},
  author={Cordts, Marius and Omran, Mohamed and Ramos, Sebastian and Rehfeld, Timo and Enzweiler, Markus and Benenson, Rodrigo and Franke, Uwe and Roth, Stefan and Schiele, Bernt},
  booktitle={Proceedings of the IEEE conference on computer vision and pattern recognition},
  pages={3213--3223},
  year={2016}
}

@inproceedings{yarkony2012fast,
  title={Fast planar correlation clustering for image segmentation},
  author={Yarkony, Julian and Ihler, Alexander and Fowlkes, Charless C},
  booktitle={European Conference on Computer Vision},
  pages={568--581},
  year={2012},
  organization={Springer}
}

@inproceedings{pape2017solving,
  title={Solving large multicut problems for connectomics via domain decomposition},
  author={Pape, Constantin and Beier, Thorsten and Li, Peter and Jain, Viren and Bock, Davi D and Kreshuk, Anna},
  booktitle={Proceedings of the IEEE International Conference on Computer Vision},
  pages={1--10},
  year={2017}
}

@article{arganda2015crowdsourcing,
  title={Crowdsourcing the creation of image segmentation algorithms for connectomics},
  author={Arganda-Carreras, Ignacio and Turaga, Srinivas C and Berger, Daniel R and Cire{\c{s}}an, Dan and Giusti, Alessandro and Gambardella, Luca M and Schmidhuber, J{\"u}rgen and Laptev, Dmitry and Dwivedi, Sarvesh and Buhmann, Joachim M and others},
  journal={Frontiers in neuroanatomy},
  volume={9},
  pages={142},
  year={2015},
  publisher={Frontiers}
}

@inproceedings{kappes2011globally,
  title={Globally optimal image partitioning by multicuts},
  author={Kappes, J{\"o}rg Hendrik and Speth, Markus and Andres, Bj{\"o}rn and Reinelt, Gerhard and Schn{\"o}rr, Christoph},
  booktitle={International Workshop on Energy Minimization Methods in Computer Vision and Pattern Recognition},
  pages={31--44},
  year={2011},
  organization={Springer}
}

@article{chopra1991multiway,
  title={On the multiway cut polyhedron},
  author={Chopra, Sunil and Rao, Mendu R},
  journal={Networks},
  volume={21},
  number={1},
  pages={51--89},
  year={1991},
  publisher={Wiley Online Library}
}

@article{andres2015lifting,
  title={Lifting of multicuts},
  author={Andres, Bjoern and Fuksov{\'a}, Andrea and Lange, Jan-Hendrik},
  journal={CoRR, abs/1503.03791},
  volume={3},
  year={2015}
}

@article{schlegel2017learning,
  title={Learning from connectomics on the fly},
  author={Schlegel, Philipp and Costa, Marta and Jefferis, Gregory SXE},
  journal={Current opinion in insect science},
  volume={24},
  pages={96--105},
  year={2017},
  publisher={Elsevier}
}

@inproceedings{ciresan2012deep,
  title={Deep neural networks segment neuronal membranes in electron microscopy images},
  author={Ciresan, Dan and Giusti, Alessandro and Gambardella, Luca M and Schmidhuber, J{\"u}rgen},
  booktitle={Advances in neural information processing systems},
  pages={2843--2851},
  year={2012}
}

@inproceedings{ronneberger2015u,
  title={U-net: Convolutional networks for biomedical image segmentation},
  author={Ronneberger, Olaf and Fischer, Philipp and Brox, Thomas},
  booktitle={International Conference on Medical image computing and computer-assisted intervention},
  pages={234--241},
  year={2015},
  organization={Springer}
}


@article{ailon2008aggregating,
  title={Aggregating inconsistent information: ranking and clustering},
  author={Ailon, Nir and Charikar, Moses and Newman, Alantha},
  journal={Journal of the ACM (JACM)},
  volume={55},
  number={5},
  pages={23},
  year={2008},
  publisher={ACM}
}

@inproceedings{finkel2008enforcing,
  title={Enforcing transitivity in coreference resolution},
  author={Finkel, Jenny Rose and Manning, Christopher D},
  booktitle={Proceedings of the 46th Annual Meeting of the Association for Computational Linguistics on Human Language Technologies: Short Papers},
  pages={45--48},
  year={2008},
  organization={Association for Computational Linguistics}
}

@inproceedings{andres2012globally,
  title={Globally optimal closed-surface segmentation for connectomics},
  author={Andres, Bjoern and Kroeger, Thorben and Briggman, Kevin L and Denk, Winfried and Korogod, Natalya and Knott, Graham and Koethe, Ullrich and Hamprecht, Fred A},
  booktitle={European Conference on Computer Vision},
  pages={778--791},
  year={2012},
  organization={Springer}
}

@article{perlin1985image,
  title={An image synthesizer},
  author={Perlin, Ken},
  journal={ACM Siggraph Computer Graphics},
  volume={19},
  number={3},
  pages={287--296},
  year={1985}
}
@article{perlin2001noise,
  title={Noise hardware},
  author={Perlin, Ken},
  journal={Real-Time Shading SIGGRAPH Course Notes},
  year={2001}
}

@article{yu2015multi,
  title={Multi-scale context aggregation by dilated convolutions},
  author={Yu, Fisher and Koltun, Vladlen},
  journal={arXiv preprint arXiv:1511.07122},
  year={2015}
}
@article{paszke2016enet,
  title={Enet: A deep neural network architecture for real-time semantic segmentation},
  author={Paszke, Adam and Chaurasia, Abhishek and Kim, Sangpil and Culurciello, Eugenio},
  journal={arXiv preprint arXiv:1606.02147},
  year={2016}
}
@inproceedings{ren2015faster,
  title={Faster r-cnn: Towards real-time object detection with region proposal networks},
  author={Ren, Shaoqing and He, Kaiming and Girshick, Ross and Sun, Jian},
  booktitle={Advances in neural information processing systems},
  pages={91--99},
  year={2015}
}
@article{kulikov2018instance,
  title={Instance Segmentation by Deep Coloring},
  author={Kulikov, Victor and Yurchenko, Victor and Lempitsky, Victor},
  journal={arXiv preprint arXiv:1807.10007},
  year={2018}
}

@inproceedings{novotny2018semi,
  title={Semi-convolutional operators for instance segmentation},
  author={Novotny, David and Albanie, Samuel and Larlus, Diane and Vedaldi, Andrea},
  booktitle={Proceedings of the European Conference on Computer Vision (ECCV)},
  pages={86--102},
  year={2018}
}
@article{kokkinos2015pushing,
  title={Pushing the boundaries of boundary detection using deep learning},
  author={Kokkinos, Iasonas},
  journal={arXiv preprint arXiv:1511.07386},
  year={2015}
}

@inproceedings{jain2007supervised,
  title={Supervised learning of image restoration with convolutional networks},
  author={Jain, Viren and Murray, Joseph F and Roth, Fabian and Turaga, Srinivas and Zhigulin, Valentin and Briggman, Kevin L and Helmstaedter, Moritz N and Denk, Winfried and Seung, H Sebastian},
  booktitle={2007 IEEE 11th International Conference on Computer Vision},
  pages={1--8},
  year={2007},
  organization={IEEE}
}

@article{meirovitch2016multi,
  title={A multi-pass approach to large-scale connectomics},
  author={Meirovitch, Yaron and Matveev, Alexander and Saribekyan, Hayk and Budden, David and Rolnick, David and Odor, Gergely and Knowles-Barley, Seymour and Jones, Thouis Raymond and Pfister, Hanspeter and Lichtman, Jeff William and others},
  journal={arXiv preprint arXiv:1612.02120},
  year={2016}
}
@article{januszewski2018high,
  title={High-precision automated reconstruction of neurons with flood-filling networks},
  author={Januszewski, Micha{\l} and Kornfeld, J{\"o}rgen and Li, Peter H and Pope, Art and Blakely, Tim and Lindsey, Larry and Maitin-Shepard, Jeremy and Tyka, Mike and Denk, Winfried and Jain, Viren},
  journal={Nature methods},
  volume={15},
  number={8},
  pages={605},
  year={2018},
  publisher={Nature Publishing Group}
}
@article{turaga2009maximin,
  title={Maximin affinity learning of image segmentation},
  author={Turaga, Srinivas C and Briggman, Kevin L and Helmstaedter, Moritz and Denk, Winfried and Seung, H Sebastian},
  booktitle={Advances in Neural Information Processing Systems},
  pages={1865--1873},
  year={2009}
}

@inproceedings{wolf2017learned,
  title={Learned watershed: End-to-end learning of seeded segmentation},
  author={Wolf, Steffen and Schott, Lukas and Kothe, Ullrich and Hamprecht, Fred},
  booktitle={Proceedings of the IEEE International Conference on Computer Vision},
  pages={2011--2019},
  year={2017}
}

@article{knowles2016rhoananet,
  title={{RhoanaNet} pipeline: Dense automatic neural annotation},
  author={Knowles-Barley, Seymour and Kaynig, Verena and Jones, Thouis Ray and Wilson, Alyssa and Morgan, Joshua and Lee, Dongil and Berger, Daniel and Kasthuri, Narayanan and Lichtman, Jeff W and Pfister, Hanspeter},
  journal={arXiv preprint arXiv:1611.06973},
  year={2016}
}

@article{salembier2000binary,
  title={Binary partition tree as an efficient representation for image processing, segmentation, and information retrieval},
  author={Salembier, Philippe and Garrido, Luis},
  journal={IEEE transactions on Image Processing},
  volume={9},
  number={4},
  pages={561--576},
  year={2000},
  publisher={IEEE}
}
@article{grotschel1990facets,
  title={Facets of the clique partitioning polytope},
  author={Gr{\"o}tschel, Martin and Wakabayashi, Yoshiko},
  journal={Mathematical Programming},
  volume={47},
  number={1-3},
  pages={367--387},
  year={1990},
  publisher={Springer}
}

@article{chopra1993partition,
  title={The partition problem},
  author={Chopra, Sunil and Rao, Mendu R},
  journal={Mathematical Programming},
  volume={59},
  number={1-3},
  pages={87--115},
  year={1993},
  publisher={Springer}
}

@article{grotschel1989cutting,
  title={A cutting plane algorithm for a clustering problem},
  author={Gr{\"o}tschel, Martin and Wakabayashi, Yoshiko},
  journal={Mathematical Programming},
  volume={45},
  number={1-3},
  pages={59--96},
  year={1989},
  publisher={Springer}
}

@article{bansal2004correlation,
  title={Correlation clustering},
  author={Bansal, Nikhil and Blum, Avrim and Chawla, Shuchi},
  journal={Machine learning},
  volume={56},
  number={1-3},
  pages={89--113},
  year={2004},
  publisher={Springer}
}

@article{demaine2006correlation,
  title={Correlation clustering in general weighted graphs},
  author={Demaine, Erik D and Emanuel, Dotan and Fiat, Amos and Immorlica, Nicole},
  journal={Theoretical Computer Science},
  volume={361},
  number={2-3},
  pages={172--187},
  year={2006},
  publisher={Elsevier}
}

@inproceedings{beier2016efficient,
  title={An efficient fusion move algorithm for the minimum cost lifted multicut problem},
  author={Beier, Thorsten and Andres, Bj{\"o}rn and K{\"o}the, Ullrich and Hamprecht, Fred A},
  booktitle={European Conference on Computer Vision},
  pages={715--730},
  year={2016},
  organization={Springer}
}

@inproceedings{keuper2015efficient,
  title={Efficient decomposition of image and mesh graphs by lifted multicuts},
  author={Keuper, Margret and Levinkov, Evgeny and Bonneel, Nicolas and Lavou{\'e}, Guillaume and Brox, Thomas and Andres, Bjorn},
  booktitle={Proceedings of the IEEE International Conference on Computer Vision},
  pages={1751--1759},
  year={2015}
}

@inproceedings{lange2018combinatorial,
  title={Combinatorial persistency criteria for multicut and max-cut},
  author={Lange, Jan-Hendrik and Andres, Bjoern and Swoboda, Paul},
  booktitle={Proceedings of the IEEE Conference on Computer Vision and Pattern Recognition},
  pages={6093--6102},
  year={2019}
}

@inproceedings{lange2018partial,
  title={Partial optimality and fast lower bounds for weighted correlation clustering},
  author={Lange, Jan-Hendrik and Karrenbauer, Andreas and Andres, Bjoern},
  booktitle={International Conference on Machine Learning},
  pages={2898--2907},
  year={2018}
}
@inproceedings{schmidt2018cell,
  title={Cell Detection with Star-convex Polygons},
  author={Schmidt, Uwe and Weigert, Martin and Broaddus, Coleman and Myers, Gene},
  booktitle={International Conference on Medical Image Computing and Computer-Assisted Intervention},
  pages={265--273},
  year={2018},
  organization={Springer}
}

@article{saalfeld2012elastic,
  title={Elastic volume reconstruction from series of ultra-thin microscopy sections},
  author={Saalfeld, Stephan and Fetter, Richard and Cardona, Albert and Tomancak, Pavel},
  journal={Nature methods},
  volume={9},
  number={7},
  pages={717},
  year={2012},
  publisher={Nature Publishing Group}
}

@article{zeng2017deepem3d,
  title={{DeepEM3D}: approaching human-level performance on {3D} anisotropic {EM} image segmentation},
  author={Zeng, Tao and Wu, Bian and Ji, Shuiwang},
  journal={Bioinformatics},
  volume={33},
  number={16},
  pages={2555--2562},
  year={2017},
  publisher={Oxford University Press}
}

@article{parag2017anisotropic,
  title={Anisotropic {EM} segmentation by {3D} affinity learning and agglomeration},
  author={Parag, Toufiq and Tschopp, Fabian and Grisaitis, William and Turaga, Srinivas C and Zhang, Xuewen and Matejek, Brian and Kamentsky, Lee and Lichtman, Jeff W and Pfister, Hanspeter},
  journal={arXiv preprint arXiv:1707.08935},
  year={2017}
}


@article{kernighan1970efficient,
  title={An efficient heuristic procedure for partitioning graphs},
  author={Kernighan, Brian W and Lin, Shen},
  journal={Bell system technical journal},
  volume={49},
  number={2},
  pages={291--307},
  year={1970},
  publisher={Wiley Online Library}
}

@article{dice1945measures,
  title={Measures of the amount of ecologic association between species},
  author={Dice, Lee R},
  journal={Ecology},
  volume={26},
  number={3},
  pages={297--302},
  year={1945},
  publisher={Wiley Online Library}
}

@article{sorensen1948method,
  title={A method of establishing groups of equal amplitude in plant sociology based on similarity of species and its application to analyses of the vegetation on Danish commons},
  author={S{\o}rensen, Thorvald},
  journal={Biol. Skr.},
  volume={5},
  pages={1--34},
  year={1948}
}
@article{wolf2019mutex,
  title={The Mutex Watershed and its Objective: Efficient, Parameter-Free Image Partitioning},
  author={Wolf, Steffen and Bailoni, Alberto and Pape, Constantin and Rahaman, Nasim and Kreshuk, Anna and K{\"o}the, Ullrich and Hamprecht, Fred A~},
  journal={arXiv preprint arXiv:1904.12654},
  year={2019}
}
@inproceedings{arnab2017pixelwise,
  title={Pixelwise instance segmentation with a dynamically instantiated network},
  author={Arnab, Anurag and Torr, Philip HS},
  booktitle={Proceedings of the IEEE Conference on Computer Vision and Pattern Recognition},
  pages={441--450},
  year={2017}
}

@inproceedings{liu2018path,
  title={Path aggregation network for instance segmentation},
  author={Liu, Shu and Qi, Lu and Qin, Haifang and Shi, Jianping and Jia, Jiaya},
  booktitle={Proceedings of the IEEE Conference on Computer Vision and Pattern Recognition},
  pages={8759--8768},
  year={2018}
}

@inproceedings{neven2019instance,
  title={Instance segmentation by jointly optimizing spatial embeddings and clustering bandwidth},
  author={Neven, Davy and Brabandere, Bert De and Proesmans, Marc and Gool, Luc Van},
  booktitle={Proceedings of the IEEE Conference on Computer Vision and Pattern Recognition},
  pages={8837--8845},
  year={2019}
}

@article{cheng2019panopticdeeplab,
    title={Panoptic-{DeepLab}},
    author={Bowen Cheng and Maxwell D. Collins and Yukun Zhu and Ting Liu and Thomas S. Huang and Hartwig Adam and Liang-Chieh Chen},
    year={2019},
    eprint={1910.04751},
    archivePrefix={arXiv},
    primaryClass={cs.CV},
    journal={arXiv preprint arXiv:1910.04751},
}

@inproceedings{xiong2019upsnet,
  title={Upsnet: A unified panoptic segmentation network},
  author={Xiong, Yuwen and Liao, Renjie and Zhao, Hengshuang and Hu, Rui and Bai, Min and Yumer, Ersin and Urtasun, Raquel},
  booktitle={Proceedings of the IEEE Conference on Computer Vision and Pattern Recognition},
  pages={8818--8826},
  year={2019}
}

@InProceedings{Gao_2019_ICCV,
author = {Gao, Naiyu and Shan, Yanhu and Wang, Yupei and Zhao, Xin and Yu, Yinan and Yang, Ming and Huang, Kaiqi},
title = {{SSAP}: Single-Shot Instance Segmentation With Affinity Pyramid},
booktitle = {The IEEE International Conference on Computer Vision (ICCV)},
month = {October},
year = {2019}
}

@inproceedings{porzi2019seamless,
  title={Seamless scene segmentation},
  author={Porzi, Lorenzo and Bulo, Samuel Rota and Colovic, Aleksander and Kontschieder, Peter},
  booktitle={Proceedings of the IEEE Conference on Computer Vision and Pattern Recognition},
  pages={8277--8286},
  year={2019}
}

@inproceedings{sofiiuk2019adaptis,
  title={{AdaptIS}: Adaptive Instance Selection Network},
  author={Sofiiuk, Konstantin and Barinova, Olga and Konushin, Anton},
  booktitle={Proceedings of the IEEE International Conference on Computer Vision},
  pages={7355--7363},
  year={2019}
}

@article{li2018learning,
  title={Learning to fuse things and stuff},
  author={Li, Jie and Raventos, Allan and Bhargava, Arjun and Tagawa, Takaaki and Gaidon, Adrien},
  journal={arXiv preprint arXiv:1812.01192},
  year={2018}
}


@inproceedings{Cucuringu2019SPONGEAG,
  title={{SPONGE}: A generalized eigenproblem for clustering signed networks},
  author={Mihai Cucuringu and Peter Davies and Aldo Glielmo and Hemant Tyagi},
  booktitle={AISTATS},
  year={2019}
}

@inproceedings{chiang2012scalable,
  title={Scalable clustering of signed networks using balance normalized cut},
  author={Chiang, Kai-Yang and Whang, Joyce Jiyoung and Dhillon, Inderjit S},
  booktitle={Proceedings of the 21st ACM international conference on Information and knowledge management},
  pages={615--624},
  year={2012},
  organization={ACM}
}

@inproceedings{kunegis2010spectral,
  title={Spectral analysis of signed graphs for clustering, prediction and visualization},
  author={Kunegis, J{\'e}r{\^o}me and Schmidt, Stephan and Lommatzsch, Andreas and Lerner, J{\"u}rgen and De Luca, Ernesto W and Albayrak, Sahin},
  year={2010},
  organization={SIAM}
}

@article{lee2019learning,
  title={Learning Dense Voxel Embeddings for {3D} Neuron Reconstruction},
  author={Lee, Kisuk and Lu, Ran and Luther, Kyle and Seung, H Sebastian},
  journal={arXiv preprint arXiv:1909.09872},
  year={2019}
}

@inproceedings{rangapuram2012constrained,
  title={Constrained 1-Spectral Clustering.},
  author={Rangapuram, Syama Sundar and Hein, Matthias},
  booktitle={AISTATS},
  volume={30},
  pages={90},
  year={2012}
}

@article{wang2014constrained,
  title={On constrained spectral clustering and its applications},
  author={Wang, Xiang and Qian, Buyue and Davidson, Ian},
  journal={Data Mining and Knowledge Discovery},
  volume={28},
  number={1},
  pages={1--30},
  year={2014},
  publisher={Springer}
}

@inproceedings{cucuringu2016simple,
  title={Simple and scalable constrained clustering: a generalized spectral method},
  author={Cucuringu, Mihai and Koutis, Ioannis and Chawla, Sanjay and Miller, Gary and Peng, Richard},
  booktitle={Artificial Intelligence and Statistics},
  pages={445--454},
  year={2016}
}

@inproceedings{meirovitch2019cross,
  title={Cross-Classification Clustering: An Efficient Multi-Object Tracking Technique for {3-D} Instance Segmentation in Connectomics},
  author={Meirovitch, Yaron and Mi, Lu and Saribekyan, Hayk and Matveev, Alexander and Rolnick, David and Shavit, Nir},
  booktitle={Proceedings of the IEEE Conference on Computer Vision and Pattern Recognition},
  pages={8425--8435},
  year={2019}
}







### Original citations:





@article{einstein,
    author =       "Albert Einstein",
    title =        "{Zur Elektrodynamik bewegter K{\"o}rper}. ({German})
        [{On} the electrodynamics of moving bodies]",
    journal =      "Annalen der Physik",
    volume =       "322",
    number =       "10",
    pages =        "891--921",
    year =         "1905",
    DOI =          "http://dx.doi.org/10.1002/andp.19053221004"
}

@book{latexcompanion,
    author    = "Michel Goossens and Frank Mittelbach and Alexander Samarin",
    title     = "The \LaTeX\ Companion",
    year      = "1993",
    publisher = "Addison-Wesley",
    address   = "Reading, Massachusetts"
}

@misc{knuthwebsite,
    author    = "Donald Knuth",
    title     = "Knuth: Computers and Typesetting",
    url       = "http://www-cs-faculty.stanford.edu/\~{}uno/abcde.html"
}







#### NEW

@inproceedings{long2015fully,
  title={Fully convolutional networks for semantic segmentation},
  author={Long, Jonathan and Shelhamer, Evan and Darrell, Trevor},
  booktitle={Proceedings of the IEEE conference on computer vision and pattern recognition},
  pages={3431--3440},
  year={2015}
}

@article{zheng2018complete,
  title={A complete electron microscopy volume of the brain of adult Drosophila melanogaster},
  author={Zheng, Zhihao and Lauritzen, J Scott and Perlman, Eric and Robinson, Camenzind G and Nichols, Matthew and Milkie, Daniel and Torrens, Omar and Price, John and Fisher, Corey B and Sharifi, Nadiya and others},
  journal={Cell},
  volume={174},
  number={3},
  pages={730--743},
  year={2018},
  publisher={Elsevier}
}

@article{yin2020petascale,
  title={A petascale automated imaging pipeline for mapping neuronal circuits with high-throughput transmission electron microscopy},
  author={Yin, Wenjing and Brittain, Derrick and Borseth, Jay and Scott, Marie E and Williams, Derric and Perkins, Jedediah and Own, Christopher S and Murfitt, Matthew and Torres, Russel M and Kapner, Daniel and others},
  journal={Nature communications},
  volume={11},
  number={1},
  pages={1--12},
  year={2020},
  publisher={Nature Publishing Group}
}

@article{xu2020connectome,
  title={A connectome of the adult drosophila central brain},
  author={Xu, C Shan and Januszewski, Michal and Lu, Zhiyuan and Takemura, Shin-ya and Hayworth, Kenneth and Huang, Gary and Shinomiya, Kazunori and Maitin-Shepard, Jeremy and Ackerman, David and Berg, Stuart and others},
  journal={BioRxiv},
  year={2020},
  publisher={Cold Spring Harbor Laboratory}
}

@article{kim2014space,
  title={Space--time wiring specificity supports direction selectivity in the retina},
  author={Kim, Jinseop S and Greene, Matthew J and Zlateski, Aleksandar and Lee, Kisuk and Richardson, Mark and Turaga, Srinivas C and Purcaro, Michael and Balkam, Matthew and Robinson, Amy and Behabadi, Bardia F and others},
  journal={Nature},
  volume={509},
  number={7500},
  pages={331--336},
  year={2014},
  publisher={Nature Publishing Group}
}

@article{andres20123d,
  title={3D segmentation of SBFSEM images of neuropil by a graphical model over supervoxel boundaries},
  author={Andres, Bjoern and Koethe, Ullrich and Kroeger, Thorben and Helmstaedter, Moritz and Briggman, Kevin L and Denk, Winfried and Hamprecht, Fred A},
  journal={Medical image analysis},
  volume={16},
  number={4},
  pages={796--805},
  year={2012},
  publisher={Elsevier}
}

@article{pape2019leveraging,
  title={Leveraging domain knowledge to improve microscopy image segmentation with lifted multicuts},
  author={Pape, Constantin and Matskevych, Alex and Wolny, Adrian and Hennies, Julian and Mizzon, Giulia and Louveaux, Marion and Musser, Jacob and Maizel, Alexis and Arendt, Detlev and Kreshuk, Anna},
  journal={Frontiers in Computer Science},
  volume={1},
  pages={6},
  year={2019},
  publisher={Frontiers}
}

@article{turaga2010convolutional,
  title={Convolutional networks can learn to generate affinity graphs for image segmentation},
  author={Turaga, Srinivas C and Murray, Joseph F and Jain, Viren and Roth, Fabian and Helmstaedter, Moritz and Briggman, Kevin and Denk, Winfried and Seung, H Sebastian},
  journal={Neural computation},
  volume={22},
  number={2},
  pages={511--538},
  year={2010},
  publisher={MIT Press}
}
@inproceedings{milletari2016v,
  title={V-net: Fully convolutional neural networks for volumetric medical image segmentation},
  author={Milletari, Fausto and Navab, Nassir and Ahmadi, Seyed-Ahmad},
  booktitle={2016 fourth international conference on 3D vision (3DV)},
  pages={565--571},
  year={2016},
  organization={IEEE}
}
@article{kruskal1956shortest,
  title={On the shortest spanning subtree of a graph and the traveling salesman problem},
  author={Kruskal, Joseph B},
  journal={Proceedings of the American Mathematical society},
  volume={7},
  number={1},
  pages={48--50},
  year={1956},
  publisher={JSTOR}
}
@article{cohen2019hierarchical,
  title={Hierarchical clustering: Objective functions and algorithms},
  author={Cohen-Addad, Vincent and Kanade, Varun and Mallmann-Trenn, Frederik and Mathieu, Claire},
  journal={Journal of the ACM (JACM)},
  volume={66},
  number={4},
  pages={1--42},
  year={2019},
  publisher={ACM New York, NY, USA}
}
@article{moseley2017approximation,
  title={Approximation bounds for hierarchical clustering: Average linkage, bisecting k-means, and local search},
  author={Moseley, Benjamin and Wang, Joshua},
  journal={Advances in neural information processing systems},
  volume={30},
  pages={3094--3103},
  year={2017}
}
@inproceedings{dasgupta2016cost,
  title={A cost function for similarity-based hierarchical clustering},
  author={Dasgupta, Sanjoy},
  booktitle={Proceedings of the forty-eighth annual ACM symposium on Theory of Computing},
  pages={118--127},
  year={2016}
}

@inproceedings{cerrone2019end,
  title={End-to-end learned random walker for seeded image segmentation},
  author={Cerrone, Lorenzo and Zeilmann, Alexander and Hamprecht, Fred A},
  booktitle={Proceedings of the IEEE/CVF Conference on Computer Vision and Pattern Recognition},
  pages={12559--12568},
  year={2019}
}

@article {Xu2020.01.21.911859,
  author = {Xu, C. Shan and Januszewski, Michal and Lu, Zhiyuan and Takemura, Shin-ya and Hayworth, Kenneth J. and others},
  title = {A Connectome of the Adult Drosophila Central Brain},
  elocation-id = {2020.01.21.911859},
  year = {2020},
  doi = {10.1101/2020.01.21.911859},
  publisher = {Cold Spring Harbor Laboratory},
  URL = {https://www.biorxiv.org/content/early/2020/01/21/2020.01.21.911859},
  eprint = {https://www.biorxiv.org/content/early/2020/01/21/2020.01.21.911859.full.pdf},
  journal = {bioRxiv}
}

